1907 3139
124 164 185 197 156

127 243 280 269 monem
302 245 311 271 :
331 235 436 272 Sicut
459 237 600 282 palmes
623 239 789 273 exaltata
821 248 900 273 sum
935 240 939 262 ἵ

127 282 165 315 in
188 281 313 323 Gades,
334 286 369 318 et
403 286 512 329 quasi
531 285 717 330 plantatio
741 296 832 320 rosae
862 287 901 321 in

125 329 282 364 Jericho.
299 330 397 376 Ergo
418 331 498 367 haec
519 336 573 367 est
591 332 655 368 illa
673 331 901 377 speciosissi-
936 346 939 371 ς

126 385 189 411 ma
208 386 308 420 rosa,
330 377 527 414 sanctitate
548 379 704 424 justitiae
727 379 900 423 candida,

122 426 158 458 et
173 423 366 460 Passionis
381 425 568 471 sanguine
582 425 809 462 rubicunda.
826 426 901 462 Sic-

126 473 168 505 ut
211 469 312 506 enim
350 482 438 508 rosa
485 476 687 518 antequam
727 473 902 509 videatur

127 516 300 561 sentitur,
314 522 349 553 et
360 523 562 565 antequam
576 519 788 555 inveniatur
798 524 902 556 tene·
934 525 937 558 Ξ

124 567 187 599 tur
211 563 252 600 in
272 565 452 601 odoribus
474 566 575 609 suis3
600 566 652 602 sic
679 571 714 602 et
742 567 900 603 Domino

123 613 343 647 transeunte
369 613 416 648 de
447 612 572 658 longe,
595 614 666 649 duo
700 613 801 657 caeci,
825 624 900 650 an-

125 705 207 750 ejus
238 706 447 752 fragrantia
481 711 678 743 senserunt
714 723 722 744 :
762 722 776 741 »
818 708 898 744 haec

127 752 320 798 Chrysosto
325 765 356 788 m
362 764 414 788 us.

173 812 192 834 2
220 801 298 836 Dco
336 811 419 836 efflei
459 799 614 837 Cmusm
652 814 898 847 orffincxrtn,

125 857 224 882 mem·
261 859 306 882 116
345 859 416 883 [xo
455 860 595 884 122.me
633 850 780 886 mineus
813 862 899 885 nex-

125 905 257 929 noxmt
279 906 415 930 raom.
434 916 480 921 —-
502 896 606 931 L'nde
632 897 802 942 sequitur
823 908 831 932 :
850 899 899 932 Et

123 950 200 976 eece
219 942 290 976 duo
311 944 393 976 caeci
417 943 578 977 sedentes
605 953 705 978 secus
731 946 838 987 riam,
857 947 898 979 ut

123 987 402 1034 eleemosynam
431 993 602 1034 peterent
625 1000 646 1025 a
673 990 897 1026 transeunti-

123 1034 209 1077 bus,
231 1045 306 1070 non
325 1040 468 1071 remote
489 1046 511 1070 a
530 1034 589 1071 via
609 1037 753 1079 salutis,
774 1038 896 1072 audie-

123 1085 209 1116 runt
235 1091 256 1116 a
281 1082 565 1118 transeuntibus
583 1086 670 1127 quia
690 1086 807 1127 Jesus,
826 1085 897 1119 Na-

124 1137 281 1163 zarenus
303 1128 404 1164 omni
420 1130 513 1164 flore
527 1128 706 1166 virtutum
718 1141 896 1173 vernans,

573 168 783 202 SECL'NDAE
820 170 978 204 PARTIS
1017 169 1156 204 CAPUT
1194 171 1311 204 xxiv

976 243 1146 285 apparet,
1161 239 1262 285 quod
1275 243 1313 276 et
1327 250 1468 276 nomen
1481 240 1563 287 ejus
1580 243 1618 277 et
1632 240 1751 286 patris

975 285 1093 332 ipsius
1113 288 1258 323 Marcus
1281 287 1604 324 commemoravit.
1624 290 1752 324 Barti-

975 344 1086 369 maeus
1120 336 1214 369 enim
1245 336 1371 370 Timaei
1402 337 1515 380 filius,
1550 346 1595 371 ex
1626 335 1755 381 aliqua

975 391 1114 426 magna
1140 381 1317 418 felicitate
1340 382 1522 428 dejectus,
1541 381 1753 418 notissimae

976 430 1013 463 et
1048 428 1309 465 famosissimae
1343 429 1507 466 miseriae
1541 429 1626 473 fuit,
1655 429 1755 476 quod

974 485 1051 510 non
1070 475 1190 511 solum
1207 487 1341 518 caecus,
1366 487 1494 512 verum
1515 476 1631 512 etiam
1649 487 1753 512 men-

975 520 1077 558 dicus
1108 523 1276 558 sedebat.
1312 524 1407 559 Hine
1437 527 1494 559 est
1524 534 1614 569 ergo
1653 523 1755 569 quod

934 604 937 616 ἶ
973 567 1097 615 ipsum
1123 570 1239 605 voluit
1264 580 1561 606 commemorare
1589 571 1753 614 Marcus,

934 627 935 651 3
976 617 1080 660 cujus
1098 615 1324 652 illuminatio
1352 620 1430 652 tam
1450 617 1590 652 claram
1612 617 1753 653 samam

125 661 278 704 tequam
314 669 401 694 eum
443 659 627 703 riderent,
664 660 900 697 divinitatem
934 659 936 664 ⁸

124 1177 309 1210 transiret.
327 1175 354 1211 Ο
368 1175 456 1211 felix
471 1175 769 1221 auditio,rumor
782 1177 894 1214 levis!
932 1183 933 1186 ’

124 1223 236 1258 Multi
255 1222 356 1257 enim
379 1233 478 1266 reyes
509 1227 543 1258 et
573 1225 760 1270 Prophetae
781 1226 899 1260 volite-

121 1273 209 1304 runt
228 1269 371 1313 audire,
393 1275 427 1305 et
443 1281 513 1305 non
533 1271 740 1307 audierunt.
757 1274 818 1315 Et,
833 1271 899 1307 mi-
932 1266 935 1299 3

122 1315 367 1352 sericordiam
398 1328 482 1353 cum
517 1317 682 1354 clamore
710 1323 897 1365 petentes,
932 1327 935 1334 ·

123 1364 371 1399 clamat-erunt
393 1365 550 1400 dicentes
576 1378 587 1400 .·
607 1368 770 1410 Domine,
792 1368 898 1401 mise-

121 1420 204 1446 rere
221 1412 351 1454 nostri,
371 1412 428 1456 fili
447 1412 582 1453 Dat-id,
607 1416 672 1448 tua
692 1413 898 1460 compassi-

121 1468 193 1493 one
221 1462 389 1493 nostram
418 1458 611 1495 miseriam
651 1461 897 1497 removendo.

124 1505 270 1540 Vocant
299 1515 387 1540 eum
406 1505 526 1541 filium
551 1506 684 1551 David,
705 1507 793 1553 quia
815 1518 898 1544 cre-

124 1551 264 1587 debant
282 1562 368 1587 eum
389 1562 472 1588 esse
496 1553 699 1598 Christum,
719 1565 788 1601 per
807 1556 899 1591 Pro-

121 1599 256 1645 phetas
291 1599 522 1645 promissum
536 1628 545 1645 ,
579 1604 615 1637 et
651 1606 783 1638 notum
820 1606 899 1638 erat

123 1646 223 1692 apud
253 1656 386 1681 omnes
415 1647 581 1691 Judaeos,
608 1649 709 1693 quod
730 1650 900 1685 Christus

122 1692 170 1728 de
184 1692 326 1728 semine
338 1693 455 1729 David
467 1698 547 1729 erat
565 1695 789 1732 nasciturus.
807 1697 898 1733 Cum

123 1750 261 1785 magua
283 1739 460 1776 desiderii
478 1740 686 1778 intentione
705 1743 899 1780 clamave—

123 1834 419 1880 postulaverunt,
446 1836 606 1871 confessi
634 1837 751 1873 David
780 1838 899 1874 filium

124 1892 193 1927 per
211 1891 378 1925 carnem,
397 1883 517 1918 Deum
538 1882 652 1919 etiam
679 1883 717 1920 111
743 1895 787 1920 60
816 1896 899 1921 6556

122 1932 309 1964 noverunt
335 1938 403 1974 per
427 1929 727 1976 inspirationem.
751 1931 820 1968 L'bi
847 1932 899 1968 ait

127 1976 401 2020 chrysostomus
433 1989 444 2012 .·
474 1991 493 2010 «
524 1977 742 2024 Opportune
774 1983 900 2015 autem

125 2022 238 2059 oblati
269 2026 356 2059 511111
386 2027 474 2059 31116
501 2024 637 2061 faciem
663 2025 803 2062 Christi
827 2027 899 2062 duo

123 2069 225 2113 caeci,
246 2076 301 2115 ut,
327 2070 468 2116 apertis
494 2072 628 2117 oculis,
650 2073 759 2119 quasi
784 2076 900 2109 testes

122 2116 271 2152 virtutis
303 2118 383 2163 ejus
409 2119 658 2155 ascenderent
683 2130 767 2156 cum
788 2131 834 2156 eo
859 2120 900 2156 111

121 2163 345 2200 Jerusalem.
374 2164 418 2200 Hi
440 2166 674 2203 currentium
701 2167 899 2214 strepitum

123 2210 342 2255 audiebant,
359 2215 395 2247 et
413 2222 596 2257 personas
613 2224 687 2249 non
705 2214 899 2259 videbant,

122 2256 219 2293 nihil
236 2258 357 2294 solum
376 2259 561 2296 habentes
576 2261 623 2296 de
643 2264 722 2296 toto
744 2272 902 2307 corpore

121 2308 261 2350 praeter
279 2316 434 2349 vocem;
461 2311 498 2342 et
522 2307 607 2343 ideo
634 2309 722 2354 quia
739 2309 901 2355 pedibus

124 2361 210 2386 eum
229 2352 336 2398 sequi
349 2363 426 2388 non
445 2358 635 2400 poterant,
656 2365 746 2391 voce
767 2367 899 2402 seque-

120 2397 262 2434 bantur
280 2410 288 2434 :
309 2412 327 2433 »
348 2400 430 2435 haec
450 2402 735 2446 Chrysostomus.
754 2403 807 2439 De
826 2414 899 2439 uno

119 2444 280 2481 istorum
317 2450 480 2491 tantum,
517 2448 657 2485 scilicet
689 2449 897 2495 famosiori,

124 2493 273 2528 Marcus
308 2493 538 2530 mentionem
568 2495 723 2539 faciens,
747 2497 792 2532 de
823 2496 898 2533 alio

121 2538 239 2575 tacuit
264 2540 389 2576 minus
415 2545 518 2577 11010.
542 2543 610 2578 Ubi
637 2543 896 2586 Anqustinus:

123 2600 142 2619 «
162 2587 240 2622 Hoc
265 2592 391 2623 autem
412 2588 550 2624 factum
571 2593 608 2624 et
625 2591 773 2625 Marcus
793 2601 898 2626 com-

121 2638 320 2678 memorat,
342 2634 409 2670 sed
434 2634 481 2670 de
511 2645 584 2671 uno
612 2646 710 2672 63660
741 2636 893 2673 factum.

120 2681 214 2716 Nam
253 2681 414 2717 duorum
452 2693 637 2718 caecorum
674 2693 767 2728 quos
803 2686 895 2720 Mat-

122 2728 245 2764 thaeus
260 2729 498 2775 interposuit,
511 2740 629 2765 unum
644 2730 760 2766 fuisse
777 2730 817 2766 in
833 2731 896 2768 illa

119 2775 268 2811 civitate
304 2776 615 2822 famosissimum,
637 2787 681 2814 ex
706 2777 777 2813 1106
805 2778 896 2814 53115
929 2802 932 2825 5

974 662 1061 698 huic
1080 663 1262 699 miraculo
1281 664 1526 709 comparavit,
1541 674 1654 710 quam
1672 667 1754 700 erat

974 709 1076 746 illius
1088 714 1177 746 nota
1190 711 1396 746 calamitas.
1413 725 1430 744 »
1443 711 1548 747 [nde
1561 713 1613 747 ait
1625 712 1724 747 Beda
1738 724 1752 748 :

977 771 995 789 «
1017 758 1060 793 Et
1083 758 1179 793 bene
1203 759 1362 803 Marcus,
1391 757 1454 804 qui
1477 768 1554 804 pro*
1571 758 1752 794 Gentibus

975 815 1082 840 suum
1094 805 1546 851 scribebatEvangelium,
1560 815 1674 842 unum
1688 805 1752 840 di-

974 851 1023 887 cit
1037 851 1305 897 illuminatum,
1327 855 1367 888 ut
1380 863 1526 897 eorum,
1542 863 1636 898 quos
1655 851 1756 888 insti-

974 900 1102 935 11161131
1116 899 1164 935 3(1
1177 899 1306 943 fidem,
1317 899 1514 935 salvationi
1531 900 1655 945 figura
1667 910 1753 935 con-

974 950 1139 991 grueret.
1161 947 1357 982 Matthaeus
1377 957 1481 991 vero,
1503 946 1567 991 qui
1587 957 1654 993 pro
1677 948 1753 982 He-

975 992 1084 1028 braeis
1115 1003 1225 1029 suum
1265 993 1453 1029 scribebat
1490 993 1752 1040 Evangelium,

975 1040 1075 1085 quod
1089 1040 1127 1075 in
1139 1041 1312 1076 Gentium
1327 1051 1476 1086 quoque
1488 1041 1661 1077 notitiam
1672 1046 1756 1076 erat

974 1091 1260 1132 perventurum,
1280 1094 1382 1123 recte
1403 1090 1494 1123 duos
1512 1088 1602 1123 dicit
1620 1087 1754 1124 illumi-

973 1138 1092 1175 natos,
1105 1138 1146 1169 111
1160 1135 1208 1170 ad
1227 1139 1429 1180 utrumque
1447 1135 1625 1181 populum
1641 1145 1755 1170 unam

974 1181 1223 1227 eamdemque
1255 1180 1346 1217 fidei
1376 1181 1539 1226 gratiam
1564 1183 1753 1228 pertinere

974 1227 1148 1272 doceret;
1172 1228 1236 1273 qui
1255 1230 1368 1264 etiam
1383 1229 1424 1264 in
1442 1228 1616 1274 sequenti
1628 1228 1755 1265 lectio-

974 1285 1023 1310 ne
1051 1274 1097 1310 de
1115 1274 1239 1319 asino,
1261 1276 1299 1310 in
1319 1286 1392 1321 quo
1414 1275 1596 1312 Dominus
1619 1275 1750 1312 sedere

975 1321 1151 1367 dignatus
1183 1326 1259 1367 est,
1288 1323 1459 1358 eamdem
1488 1323 1750 1370 Evangelicam

932 1403 935 1406 Α
974 1379 1126 1405 servare
1153 1369 1383 1414 Scripturam
1409 1370 1552 1406 curavit
1582 1385 1590 1406 :
1617 1383 1635 1403 »
1668 1370 1750 1406 haec

974 1416 1086 1453 Beda.
1105 1416 1342 1461 Bartimaeus,
1359 1417 1422 1462 qui
1440 1418 1540 1462 filius
1555 1417 1749 1463 11171911εά1·-

974 1465 1032 1499 nis
1048 1463 1335 1509 interpretatur,
1351 1464 1538 1510 significat
1557 1463 1748 1501 hominem

974 1510 1012 1546 in
1036 1510 1180 1546 deliciis
1206 1510 1420 1547 carnalibus
1445 1512 1642 1556 nutritum,
1663 1510 1748 1547 ideo

974 1557 1112 1593 dicitur
1128 1567 1262 1600 caecus,
1276 1557 1417 1594 56111661
1430 1557 1623 1604 sapientiae
1643 1558 1749 1594 lumi-

974 1615 1021 1640 ne
1044 1604 1227 1651 privatus,
1249 1606 1295 1640 de
1320 1615 1394 1650 qua
1420 1604 1556 1640 dicitur
1581 1606 1619 1640 in
1646 1606 1717 1641 Job
1738 1616 1748 1640 t

974 1652 1076 1694 Quod
1098 1663 1169 1687 non
1196 1654 1383 1687 invenitur
1408 1653 1445 1686 in
1467 1656 1564 1687 terra
1588 1654 1752 1688 suaviter

974 1701 1186 1742 virentium,
1199 1699 1289 1744 quia
1300 1698 1444 1734 deliciae
1459 1698 1628 1734 carnales
1639 1699 1751 1734 hebe-

933 1752 935 1782 ῑ
973 1749 1054 1781 13111
1081 1746 1326 1781 111161166111111.
1352 1747 1396 1781 Et
1419 1745 1520 1788 talis,
1541 1755 1626 1781 cum
1648 1745 1752 1782 audit

124 1791 226 1829 runt,
253 1790 290 1822 et
313 1796 450 1833 magno
479 1788 667 1825 desiderio
694 1789 898 1827 illuminari
932 1795 935 1805 '

932 1846 934 1877 ἒ
972 1850 1042 1886 per
1061 1839 1271 1875 orationem
1289 1840 1477 1883 devotam,
1496 1843 1537 1876 ut
1550 1839 1597 1875 311
1615 1839 1679 1876 1110
1696 1851 1754 1876 1-6-

973 1793 1018 1828 (16
1034 1792 1239 1836 salvatore,
1259 1793 1369 1829 debet
1395 1793 1558 1828 clamare
1580 1793 1629 1828 ad
1651 1803 1751 1838 eum,

974 1886 1086 1932 cipiat
1103 1886 1298 1932 sapientiae
1317 1888 1459 1929 lumen,
1475 1887 1539 1933 qui
1559 1887 1625 1922 dat
1641 1889 1753 1922 omni-

975 1934 1039 1969 bus
1050 1935 1255 1980 affluenter,
1268 1934 1401 1971 saltem
1412 1934 1458 1971 de
1468 1933 1692 1971 necessariis
1703 1933 1752 1970 ad

974 1980 1146 2016 salutem.

1021 2031 1042 2063 5
1056 2029 1178 2063 TcmzA
1194 2038 1308 2062 cfficos
1326 2039 1520 2064 menspns
1537 2040 1622 2069 Qum
1640 2040 1750 2065 smm-

973 2074 1099 2110 rtc-Er‘?
1132 2093 1191 2101 —--
1218 2075 1339 2109 Turba
1377 2078 1497 2110 antem
1538 2075 1748 2112 doctrinam

975 2121 1110 2157 Christi
1144 2121 1375 2165 auscultans,
1408 2121 1541 2157 videns
1577 2122 1749 2160 sordidas

973 2172 1108 2212 vestes,
1145 2178 1223 2204 non
1254 2168 1496 2205 conscientiae
1522 2169 1747 2215 claritatem,

973 2215 1186 2262 increpabat
1213 2225 1271 2251 eos
1299 2219 1341 2251 ut
1369 2219 1551 2260 tacerent‚·
1574 2217 1662 2263 quia
1679 2227 1749 2264 per

975 2263 1178 2299 clamorem
1194 2272 1304 2298 suum
1322 2263 1473 2300 turbam
1493 2264 1540 2299 ab
1560 2263 1749 2300 audiendo

975 2309 1112 2346 Christi
1131 2309 1341 2345 doctrinam
1354 2309 1627 2356 impediebant.
1647 2311 1693 2347 Et
1708 2310 1748 2346 hi

975 2357 1189 2403 significant
1208 2367 1287 2400 eos,
1305 2356 1369 2402 qui
1390 2368 1412 2393 a
1428 2357 1530 2393 bono
1550 2368 1664 2404 opere
1683 2369 1751 2394 re—

973 2404 1128 2440 trahunt
1144 2403 1252 2439 alios.
1272 2405 1463 2440 Habemus
1483 2408 1612 2440 autem
1627 2403 1750 2450 tripli-

975 2461 1055 2487 cem
1079 2451 1229 2487 turbam
1259 2449 1529 2496 impedientem
1558 2462 1567 2487 :
1597 2461 1710 2487 unam
1729 2462 1752 2487 a

975 2508 1102 2542 carne,
1126 2497 1239 2533 aliam
1269 2508 1291 2533 a
1330 2498 1486 2543 mundo,
1514 2497 1667 2534 tertiam
1704 2498 1752 2535 ah

973 2544 1142 2588 infern0;
1170 2544 1260 2590 quia
1291 2544 1457 2581 carnalia
1493 2544 1683 2581 desideria
1715 2547 1753 2581 et

973 2591 1267 2637 persecutiones,
1287 2591 1430 2627 56111661
1454 2593 1585 2628 mundi
1605 2595 1642 2628 et
1662 2591 1764 2628 dia-⁷

973 2638 1064 2680 boli,
1098 2638 1207 2674 nobis
1242 2638 1407 2683 obstant,
1432 2643 1473 2674 ut
1504 2642 1695 2675 taceamus
1726 2649 1750 2674 a

974 2685 1207 2721 confessione
1237 2686 1394 2731 11666311,
1425 2687 1471 2722 ab
1499 2686 1747 2721 aedificatione

972 2732 1145 2778 proximi,
1161 2736 1198 2768 et
1211 2742 1234 2767 a
1249 2732 1357 2768 laude
1374 2732 1453 2769 Dei.
1472 2733 1604 2768 Infelix
1620 2735 1746 2768 autem

971 2779 1053 2815 haec
1071 2780 1183 2815 turha
1201 2778 1301 2814 omni
1321 2780 1419 2816 hono
1440 2778 1588 2816 obsistit
1607 2789 1616 2815 :
1635 2779 1746 2815 turba
