1907 3139
180 233 239 268 310
423 253 425 255 -
676 232 882 266 SECUNDAE
920 230 1077 264 PARTIS
1113 230 1252 264 CAPUT
1290 231 1312 264 L

180 304 271 340 dum
293 315 313 340 a
332 303 433 341 bono
457 314 569 351 opere
602 304 802 341 virtutibus
831 310 954 353 ornes,

179 350 375 388 infirmum
403 351 441 388 in
475 353 550 388 fide
575 349 954 393 001‘rob0res,tribu-

179 398 319 435 latione
341 410 408 435 seu
427 410 577 436 carcere
590 398 752 434 tristitiae
772 405 956 443 oppresso

179 446 378 482 subvenias
417 446 693 492 compatiendo,
723 445 780 480 vel
820 452 954 495 conso-

179 492 308 529 lando.
325 493 394 537 Qui
416 493 517 530 enim
536 494 617 528 haec
639 493 740 535 facit,
758 500 887 525 veram
903 489 957 525 (11-

175 539 374 576 lectionem
408 544 444 576 et
471 540 666 576 caritatem
699 537 895 583 adimplet,
919 539 956 572 et

175 587 256 622 haec
270 587 416 633 majora
433 590 517 623 sunt
529 597 640 633 quam
653 585 727 621 alia
743 582 952 629 praemissa,

175 633 275 680 quia,
297 638 337 670 ut
363 634 415 670 ait
437 635 645 678 Gre90rias,
670 633 752 678 plus
772 633 828 667 est
847 631 952 666 verbi

173 681 310 727 pabulo
332 681 514 717 victuram
541 681 579 716 in
605 683 827 726 perpetuum
848 688 953 713 men-

174 731 251 764 tem
277 728 450 772 reticere,
467 737 579 773 quam
605 730 775 762 ventrem
796 725 954 761 moritu-

175 785 228 811 rae
247 775 370 811 carnis
391 779 542 811 terreno
563 784 661 820 pane
679 772 830 817 satiare.
847 772 954 808 Unde

177 823 450 866 chrysostomus
473 833 481 857 z
505 836 523 854 «
546 821 583 857 Si
616 822 695 857 haec
721 820 851 857 onmia
871 829 952 855 cor-

175 869 356 915 poraliter
375 869 596 915 corporibus
613 867 751 904 Christi
769 866 955 902 ministra-

176 927 217 953 re
241 926 388 962 magnae
406 915 651 952 beatitudinis
670 918 741 959 est,
764 925 847 960 quae
870 924 953 949 om-

177 963 268 999 nino
301 967 385 1010 post
413 963 603 999 modicum
643 965 729 998 sunt
768 964 951 1007 peritura,

176 1013 288 1057 putas
323 1014 474 1056 quantae
502 1009 746 1046 beatituditlis
779 1012 848 1052 est,
871 1009 952 1043 haec

178 1057 304 1093 omnia
322 1057 565 1103 spiritualiter
584 1056 784 1092 animabus
801 1055 957 1102 pericli-

176 1105 343 1140 tantibus
358 1104 586 1148 ministrare,
605 1103 740 1149 quibus
761 1102 956 1138 vivificatae

176 1152 324 1198 possint
350 1151 475 1187 vivere
506 1151 544 1186 in
577 1150 783 1186 {eternumi
808 1151 956 1194 Quanto

176 1199 310 1234 melior
332 1202 387 1234 est
405 1198 532 1234 anima
550 1209 663 1244 quam
681 1209 833 1243 corpus,
851 1200 956 1232 tanto

177 1246 333 1282 meliora
353 1250 440 1281 sunt
461 1256 543 1292 quae
565 1247 613 1281 ad
633 1245 791 1281 salutem
811 1243 955 1280 anima-

176 1303 273 1337 rum,
311 1303 423 1339 quam
453 1303 535 1338 quae
564 1294 610 1329 ad
641 1292 956 1328 sustentationem

177 1351 392 1386 corporum,
411 1340 685 1376 ministrantur.
711 1353 729 1372 »

225 1390 246 1423 6
267 1388 356 1430 Qum
392 1398 492 1423 nicer
530 1389 606 1423 Rex
646 1387 839 1423 ΜΛΜΞῩ-
859 1389 956 1423 Tunc

177 1434 273 1470 dicet
301 1436 376 1470 Rex
403 1436 513 1470 ethis
534 1437 599 1481 qui
621 1446 641 1470 a
681 1436 845 1470 sinistris
877 1437 957 1483 ejus

178 1486 296 1523 erunt,
318 1482 354 1517 iil
375 1485 431 1517 cst
449 1483 633 1528 reprobis,
653 1481 714 1528 qui
734 1481 899 1528 sinistra,
921 1481 957 1518 id

178 1532 234 1565 est
253 1528 491 1575 temporalia,
504 1529 683 1574 quamdin
698 1529 883 1573 vixerunt,
899 1539 958 1565 ar-

179 1576 313 1612 denter
331 1580 553 1612 amaverunt
574 1588 581 1611 :
602 1576 785 1612 Discedite
804 1588 825 1611 α
846 1588 912 1612 me.
929 1577 956 1613 O

179 1623 307 1659 infelix
327 1623 504 1659 discessio
521 1623 568 1659 ΣΟ
585 1623 680 1659 dura
699 1623 908 1668 separatio!
930 1624 957 1660 O

180 1669 405 1707 miserabilis
426 1670 603 1706 conditio!
622 1670 807 1706 Discedite
826 1681 915 1715 ergo
937 1681 959 1706 a

180 1728 240 1754 me
255 1718 355 1753 fonte
370 1718 455 1753 vita:
471 1717 734 1762 indeficientis,
746 1728 767 1753 a
779 1728 838 1753 me
852 1717 960 1753 lumi-

182 1776 229 1801 ne
244 1764 374 1811 gloriae
393 1764 658 1809 beatificantis,
679 1776 701 1800 a
719 1775 778 1800 me
793 1768 959 1801 torrente

180 1811 380 1858 voluptatis
402 1811 635 1855 inundantis,
658 1823 679 1847 a
710 1822 768 1847 me
797 1811 960 1857 plenitu-

180 1859 267 1895 dine
294 1859 476 1895 ubertatis
503 1858 747 1903 inebriantis;
774 1860 961 1894 maledicti

180 1906 378 1950 dupliciter
392 1918 399 1941 2
414 1905 534 1952 primo
548 1906 811 1942 maledictione
827 1906 958 1952 culpae,

179 1954 245 1989 scd
267 1954 377 1989 modo
410 1953 675 1989 maledictione
706 1964 823 1997 poenae
855 1959 960 1989 teter-

178 2011 248 2043 nae,
270 2003 309 2036 in
330 2003 448 2045 ionem
473 2005 661 2041 aeternum,
685 2000 765 2036 siue
793 2001 868 2036 fine
892 2011 958 2036 vos

179 2058 367 2092 arsurum,
394 2050 458 2093 qui
494 2052 650 2093 paratus
686 2051 737 2083 est
757 2048 904 2084 diabolo
925 2051 958 2084 ct

179 2096 319 2140 anqelis
336 2095 427 2140 ejus,
447 2097 487 2130 ut
500 2094 635 2140 quibus
650 2094 815 2141 colligati
835 2095 958 2131 fuistis

182 2143 219 2177 in
246 2142 366 2188 culpa,
397 2141 589 2178 sociemini
613 2141 649 2177 iu
671 2152 795 2187 poena.
820 2143 847 2179 Ο
870 2153 957 2178 con-

182 2189 340 2224 sortium
362 2189 517 2232 malum,
534 2189 715 2225 horribile
736 2190 888 2235 quidem
911 2189 959 2225 ad

182 2236 483 2282 imaginandum,
506 2235 688 2272 horribile
722 2237 882 2282 amplius
911 2237 959 2273 ad

184 2282 401 2326 videndum,
425 2283 491 2319 sed
520 2284 642 2318 adhuc
672 2284 891 2320 horribilius
912 2284 961 2320 ad

186 2330 498 2366 cohabitandum!
521 2331 601 2366 Non
613 2333 803 2376 portastis,
824 2331 958 2377 inquit,

186 2377 327 2412 clavem
348 2377 482 2421 crucis,
504 2377 543 2412 in
566 2388 725 2423 regnum
748 2389 823 2414 non
843 2378 960 2415 intra-

186 2424 300 2469 bitis;
323 2435 401 2460 non
423 2425 627 2470 navigastis
655 2425 694 2460 in
714 2436 808 2462 nave
826 2426 960 2470 crucis,

185 2472 270 2508 ideo
295 2471 342 2508 ad
362 2474 510 2517 portum
525 2483 600 2507 non
625 2473 876 2518 pervenietis;
899 2473 964 2509 sed

186 2529 336 2565 poenam
364 2518 492 2554 damni
519 2524 554 2554 ct
590 2530 721 2555 sensus
761 2520 962 2557 habebitis.

189 2568 285 2602 Dum
312 2565 401 2601 mali
444 2565 618 2611 permixti
653 2571 738 2602 sunt
760 2568 883 2613 bonis,
911 2567 962 2604 vi-

187 2613 323 2649 dentur
337 2623 419 2649 esse
439 2623 522 2649 cum
545 2615 634 2657 Deo,
648 2614 713 2649 sed
727 2615 878 2651 tandem
893 2615 964 2651 dis—

187 2660 323 2696 cedent
349 2661 395 2696 ab
415 2670 473 2705 e0,
501 2663 538 2696 et
564 2660 759 2696 mittentur
781 2663 818 2698 in
840 2664 963 2707 ignem

188 2710 387 2751 aeternum,
404 2717 473 2743 nec
489 2707 630 2743 videbit
646 2707 780 2753 impius
802 2708 963 2755 gloriam

187 2754 266 2790 Dei.
286 2755 478 2798 Dz'scedz'te,
492 2753 627 2800 inquit,
643 2756 704 2800 qui
722 2756 845 2792 adhuc
865 2767 964 2793 com-

188 2801 292 2837 mixti
313 2801 434 2838 fuistis
454 2801 565 2838 bonis
595 2801 634 2838 in
662 2803 818 2847 mundo,
837 2815 858 2839 a
878 2814 962 2839 mea

190 2848 298 2893 facie,
331 2849 377 2885 ab
413 2848 513 2884 omni
556 2859 639 2885 mea
682 2848 961 2896 misericordia,

1031 301 1077 336 ab
1092 301 1193 336 omni
1207 301 1345 347 gloria3
1360 300 1561 344 maledicti,
1575 298 1641 335 sed
1654 308 1730 334 non
1747 297 1810 334 ad·

1031 347 1085 383 dit
1106 348 1227 384 Patris
1247 347 1335 392 mei,
1359 347 1535 394 quoniam
1557 358 1600 383 ex
1619 347 1731 381 Patre
1753 346 1810 381 est

1030 395 1255 437 benedictio,
1276 406 1320 432 ex
1348 394 1455 431 nobis
1475 404 1562 430 vero
1594 392 1807 430 maledictio

1030 441 1099 478 Ubi
1135 442 1188 478 sic
1222 442 1274 478 ait
1307 443 1578 487 Chrysostomus
1606 453 1614 477 :
1645 454 1663 475 «
1694 438 1806 484 Quasi

1030 488 1095 535 qui
1134 500 1211 525 non
1252 490 1405 526 sufferat
1434 487 1675 536 praesentiam
1719 486 1811 523 illo·-

1029 546 1113 572 rum
1147 536 1204 572 vel
1233 536 1416 583 aspicere,
1460 536 1512 572 sic
1546 535 1668 581 inquit
1687 546 1696 570 ε
1737 535 1813 570 Dis-

1030 584 1144 618 cedite
1161 593 1182 619 a
1201 594 1274 627 me,
1297 593 1385 619 nam
1411 584 1510 619 Deus
1531 582 1593 629 qui
1611 583 1650 618 in
1670 580 1811 618 sancti-

1029 633 1106 665 tate
1121 630 1328 666 delectatur
1342 629 1566 673 animarum,
1583 629 1812 676 peccatrices

1030 678 1175 713 animas
1196 677 1383 723 aspiciens
1407 677 1514 723 quasi
1531 680 1709 722 gravatus
1735 686 1811 712 non

1030 725 1174 760 suffert.
1195 726 1401 770 Tamquam
1422 724 1453 759 si
1475 723 1575 759 dieat
1595 723 1674 760 eis:
1696 723 1811 768 Quasi

1029 771 1187 818 putredo
1204 774 1239 807 et
1253 770 1434 818 spurcitia
1448 771 1552 816 estis,
1575 782 1646 808 nec
1660 771 1808 807 tamdiu

1030 830 1096 855 vos
1117 818 1301 863 sustineo,
1323 819 1500 864 quamdiu
1522 818 1631 854 statis
1650 817 1688 854 in
1708 816 1806 865 judi·
1857 826 1859 829 ’

1031 866 1087 902 cio
1107 867 1278 902 meo.»Et
1298 866 1448 903 iterum:
1467 881 1486 899 «
1507 867 1699 910 Discedite,
1719 877 1806 902 ma—

1032 915 1171 956 ledicti,
1197 924 1269 949 non
1288 924 1310 949 a
1332 915 1441 949 Patre
1461 924 1562 957 meo,
1579 923 1703 959 neque
1728 912 1808 960 ipse

1033 971 1096 997 cos
1129 960 1334 1005 maledixit,
1351 961 1416 997 sed
1436 961 1590 1007 propria
1619 971 1746 1007 opera,
1769 961 1807 996 in

1031 1011 1151 1052 ignem
1171 1013 1357 1051 zeter-num,
1386 1011 1450 1054 qui
1471 1013 1628 1054 paratus
1647 1012 1712 1052 esi,
1731 1018 1807 1043 non

1031 1055 1151 1099 vobis,
1183 1056 1260 1099 sed,
1291 1056 1437 1091 diabolo
1467 1059 1500 1091 et
1529 1056 1670 1100 angelis
1709 1055 1809 1101 ejus3

1033 1102 1119 1149 quia
1143 1113 1230 1139 vero
1255 1102 1423 1149 vosipsos
1440 1102 1478 1139 in
1498 1103 1623 1150 ignem
1643 1101 1809 1147 misistis,

1032 1149 1138 1186 vobis
1175 1150 1267 1196 ipsis
1305 1154 1515 1196 reputate.»
1543 1151 1629 1194 Sed,
1659 1160 1703 1185 ne
1731 1158 1812 1185 um-

1032 1207 1144 1242 quam
1163 1198 1243 1233 haec
1267 1197 1466 1244 patiamur,
1487 1208 1507 1233 o
1530 1196 1723 1243 unigenite
1743 1196 1811 1232 Fili

1033 1244 1114 1288 Dei,
1138 1244 1279 1281 scilicet
1299 1245 1431 1280 taciem
1452 1244 1555 1280 illam
1577 1247 1813 1280 mansuetam

1033 1292 1159 1327 videre
1172 1302 1341 1327 aversam
1353 1303 1374 1328 a
1388 1292 1509 1335 nobis,
1521 1296 1557 1327 et
1568 1291 1812 1337 tranquillum

1033 1338 1138 1374 illum
1184 1339 1333 1375 oculum
1366 1350 1442 1375 non
1468 1339 1652 1375 ferentem
1683 1337 1811 1374 videre

1034 1396 1116 1431 nos,
1137 1396 1259 1431 neque
1276 1386 1501 1433 accipiamus
1521 1387 1687 1432 aliquam
1706 1395 1811 1432 expe-

1034 1433 1209 1469 rientiam
1229 1433 1327 1469 illius
1345 1444 1464 1480 poenae
1480 1433 1713 1477 incurabilis,
1742 1434 1809 1468 sci-

1033 1480 1118 1517 licet
1139 1481 1309 1517 excidere
1330 1491 1352 1517 a
1372 1480 1533 1516 coelestis
1549 1480 1654 1527 regni
1676 1478 1811 1527 gloria,

1034 1532 1070 1564 et
1091 1528 1260 1564 comburi
1281 1528 1318 1563 in
1338 1529 1524 1575 gehenna.
1538 1529 1589 1565 De
1610 1529 1680 1564 hac
1697 1527 1811 1563 etiam

1035 1575 1248 1611 exclusione
1286 1579 1322 1611 et
1365 1575 1602 1620 separatione
1639 1574 1691 1610 sic
1723 1572 1814 1610 dicit
1860 1588 1863 1590 ·

1035 1622 1135 1658 idem
1159 1624 1429 1667 Chrysostomus
1449 1636 1459 1658 .-
1478 1636 1494 1656 «
1514 1622 1704 1658 Ponamus
1723 1622 1813 1658 illud

1035 1674 1121 1706 ante
1139 1670 1279 1714 oculos,
1300 1668 1429 1716 quanti
1449 1669 1590 1705 doloris
1601 1673 1656 1705 est
1666 1668 1812 1705 excludi

1036 1721 1071 1753 et
1091 1716 1221 1763 projici
1243 1727 1265 1752 a
1290 1727 1406 1761 regno
1429 1717 1622 1761 coelorum,
1649 1716 1749 1763 quod
1774 1719 1815 1752 ut

1035 1764 1125 1799 mini
1147 1764 1309 1809 videtur,
1332 1765 1413 1810 ipsa
1431 1762 1582 1810 gravius
1601 1766 1657 1799 est
1673 1764 1810 1808 gelien-

1036 1822 1095 1847 na.
1125 1812 1232 1854 Nam,
1255 1814 1291 1846 et
1319 1810 1349 1846 si
1369 1811 1429 1847 ille
1449 1810 1545 1858 ignis
1566 1821 1642 1846 non
1664 1810 1815 1847 arderet

1036 1862 1072 1895 et
1103 1858 1326 1894 immortalis
1356 1857 1421 1894 illa
1450 1868 1563 1905 poena
1597 1868 1675 1894 non
1714 1861 1814 1894 esset

1034 1909 1184 1952 parata3
1208 1906 1278 1941 hoc
1304 1905 1425 1941 solum
1458 1905 1559 1951 quod
1590 1904 1703 1941 alieni
1728 1904 1811 1941 cffi-

1035 1954 1157 1989 cimur
1177 1963 1198 1988 a
1224 1952 1385 1997 Christo,
1405 1956 1441 1988 et
1461 1952 1695 1988 excludimur
1713 1962 1735 1988 a
1751 1953 1812 1988 bo-

1034 2001 1092 2036 nis
1119 1999 1284 2044 aeternis,
1307 2010 1430 2036 nonne
1462 2000 1565 2035 omni
1596 2009 1710 2046 poena
1729 2009 1812 2035 cru-

1035 2046 1204 2083 ciabilius
1223 2047 1441 2083 diceretur?
1457 2059 1475 2078 ›>
1498 2047 1579 2083 haec
1601 2048 1812 2091 chrysosto-

1033 2105 1126 2130 mus.

1082 2157 1099 2188 7
1122 2142 1296 2185 Qrouono
1319 2142 1493 2178 Cnmsrus
1518 2153 1580 2177 EST
1603 2153 1640 2177 ῙΝ
1660 2151 1813 2177 uenenis

1033 2189 1242 2225 Eceuzsm?
1267 2211 1313 2215 -—
1342 2190 1385 2224 Et
1414 2187 1724 2224 commemorabit
1748 2189 1813 2224 Ju-

1035 2237 1103 2272 dex
1125 2247 1238 2282 opera
1259 2236 1525 2273 misericordiae
1547 2236 1740 2283 praedicta,
1767 2235 1814 2271 ab

1035 2284 1126 2331 ipsis
1143 2283 1312 2330 reprobis
1331 2283 1401 2320 sibi
1422 2295 1498 2319 non
1517 2284 1640 2328 sacta3
1664 2284 1728 2319 sed
1751 2293 1812 2320 re-

1035 2332 1143 2378 probi
1165 2331 1271 2377 quasi
1296 2342 1334 2367 se
1361 2335 1580 2367 excusantes
1609 2330 1813 2377 responde·
1872 2367 1874 2370 ,

1036 2380 1129 2415 bunt
1158 2384 1195 2415 et
1221 2378 1521 2424 interrogabunt,
1554 2379 1704 2426 quando
1734 2378 1814 2414 haec

1038 2425 1108 2463 sibi
1126 2437 1203 2462 non
1217 2426 1554 2470 fecerunt.Verum,
1577 2428 1616 2462 ut
1635 2424 1816 2462 aitRaba-
1872 2427 1873 2430 ’

1036 2484 1117 2515 nuS,
1131 2477 1167 2510 et
1187 2473 1217 2509 si
1239 2484 1278 2509 se
1299 2484 1474 2509 excusare
1489 2475 1816 2520 satagunt,tamen
1843 2503 1851 2506 -

1038 2523 1158 2558 Deum
1180 2520 1312 2557 fallere
1331 2531 1406 2556 non
1426 2526 1596 2567 possunt.
1612 2523 1656 2557 Et
1676 2520 1814 2558 idcirco

1037 2568 1273 2615 respondebit
1305 2569 1397 2612 illis,
1421 2569 1544 2604 dicens
1585 2580 1593 2605 :
1633 2568 1815 2613 Quamdiu

1038 2627 1108 2652 non
1127 2617 1270 2659 fecistis
1290 2617 1356 2650 uni
1374 2616 1419 2651 de
1438 2616 1639 2652 minoribus
1660 2617 1731 2661 his,
1752 2625 1815 2651 nec
1871 2636 1875 2640 ι

1038 2664 1132 2699 mihi
1150 2664 1306 2707 fecistis.
1331 2663 1435 2699 Unde
1459 2663 1550 2699 dicit
1566 2664 1811 2708 Auqustinus:
1851 2683 1854 2698 ;

1041 2723 1058 2745 «
1078 2711 1245 2748 Christus
1263 2713 1372 2756 caput
1392 2713 1448 2746 est
1468 2710 1657 2755 Ecclesiae,
1677 2719 1812 2757 corpus
1871 2737 1875 2741 .

1039 2758 1121 2804 ejus
1147 2757 1323 2793 Ecclesia.
1352 2759 1391 2792 In
1420 2761 1547 2794 nostro
1571 2767 1727 2804 corpore
1747 2766 1811 2793 ea·

1039 2808 1104 2851 put
1135 2814 1283 2841 sursum
1321 2809 1391 2850 est,
1414 2804 1527 2851 pedes
1552 2805 1592 2842 in
1627 2808 1740 2841 terra.
1771 2806 1811 2840 In

1040 2851 1163 2898 aliqua
1178 2850 1449 2897 constipatione
1469 2851 1678 2896 hominum,
1695 2861 1809 2898 quan·
