1907 3139
370 166 418 199 DE
459 163 802 198 VENTILATIONE
842 164 965 199 AREAE

121 234 221 272 enim
248 234 330 270 haec
351 235 407 270 est
444 231 705 268 munificentia
737 243 803 278 pro
826 236 902 268 tam

118 281 246 330 parvis
273 285 310 317 et
340 279 478 317 vilibus
514 279 650 315 coelum
684 282 830 316 tantum
866 283 903 316 et

117 341 292 376 regnum,
322 331 359 364 et
398 330 475 363 tam
513 337 696 372 magnum
735 327 788 363 eis
819 327 901 364 dari

117 379 301 414 honorem
322 387 363 411 ε»
376 375 458 410 haec
473 374 762 420 Chrysostomus.
781 377 900 411 AEter-

117 436 210 461 num
234 427 289 460 est
318 433 407 469 ergo
445 421 671 467 supplicium
699 423 900 466 malorum,

117 476 155 509 et
176 471 351 507 similiter
369 470 569 516 praemium
588 470 788 514 bonorum,
807 470 903 505 sicut

116 519 218 556 enim
241 521 396 565 peccata
410 517 574 553 actualia
588 520 787 553 transeunt
801 521 899 562 actu,

116 572 154 604 et
176 568 379 602 remanent
400 568 534 609 reatu3
574 564 626 601 ita
648 566 750 601 bona
784 575 901 611 opera

116 616 317 650 transeunt
338 615 437 656 actu,
459 616 497 648 et
528 617 728 648 remanent
749 612 899 649 merito.

117 662 225 698 Unde
246 663 489 705 Hieronymus
513 672 521 695 :
545 675 561 692 «
591 660 761 696 Prudens
783 660 900 696 lector

116 709 283 750 attende,
313 708 412 754 quod
456 710 491 742 et
532 707 717 754 supplicia
756 712 900 743 {eterna

114 756 216 801 sint3
237 760 274 792 et
298 757 376 791 vita
393 758 594 801 perpetua,
618 759 762 791 metum
784 755 899 791 dein—

117 815 204 850 ceps
228 814 303 839 non
325 802 463 838 habeat
483 802 691 838 ruinarum.
717 816 734 837 »

170 866 206 888 11
233 852 308 888 Con
322 862 367 885 DE
390 861 640 885 mssmconnm
657 862 782 886 pomus
804 862 900 890 QUAM

115 911 161 934 DE
185 910 345 935 JUSTITIA
364 897 631 937 Disoumnrun‘?
654 918 680 923 ω
714 899 758 933 Et
772 902 901 933 notan-

117 947 221 985 dum.
242 946 343 992 quod
367 945 493 991 potius
527 945 570 980 fit
608 944 830 991 disceptatio
856 946 900 981 de

118 993 299 1040 operibus
321 992 606 1036 misericordiae,
621 1003 733 1038 quam
749 993 794 1028 de
816 1003 900 1038 ope-

115 1041 223 1078 ribus
240 1040 413 1087 justitiae,
436 1046 522 1076 cum
553 1045 679 1075 tamen
705 1039 825 1086 magis
845 1044 900 1076 te-

116 1099 277 1125 neamur
303 1087 350 1124 ad
369 1087 665 1133 operaJ'ustitiee‚
680 1089 768 1133 quia
787 1098 903 1133 opera

117 1135 393 1172 misericordiae
425 1134 598 1171 faciliora
627 1139 713 1171 sunt
736 1147 744 1171 ε
766 1143 903 1171 natura

119 1185 221 1220 enim
244 1183 292 1219 ad
311 1183 393 1218 haec
418 1182 588 1227 inclinat,
618 1186 656 1219 et
677 1183 760 1218 ideo
780 1183 902 1228 magis

120 1230 318 1277 arguenda
338 1231 403 1266 ubi
427 1230 620 1275 deficiunt,
645 1233 679 1266 et
701 1230 826 1266 minus
846 1242 902 1266 re-

116 1277 358 1315 muneranda
377 1277 441 1313 ubi
462 1278 509 1314 ad
531 1282 631 1314 sunt.
660 1279 703 1313 Et
731 1289 842 1323 ergo,
871 1279 901 1314 si

118 1327 191 1362 ista
210 1329 518 1370 remunerantur,
540 1329 577 1361 et
600 1325 686 1361 alia.
707 1327 814 1369 Item,
839 1337 902 1372 po-

115 1373 190 1410 tius
220 1373 345 1419 arguit
382 1372 428 1409 de
463 1373 684 1417 omissione,
715 1384 828 1419 quam
855 1374 901 1409 de

119 1420 389 1457 commissione
410 1449 419 1465 ,
456 1431 540 1457 cum
579 1426 707 1457 tamen
746 1421 902 1467 majoris

117 1468 289 1505 criminis
310 1469 386 1504 sint
419 1469 635 1513 commissa,
659 1473 696 1504 et
716 1468 800 1504 ideo
820 1479 900 1504 ma-

116 1516 174 1562 gis
208 1516 416 1561 arguenda,
458 1517 547 1561 quia
581 1515 773 1561 puniendo
802 1516 903 1561 quod

116 1563 242 1599 minus
265 1566 337 1607 est,
358 1563 482 1598 innuit
501 1563 663 1608 amplius
685 1563 902 1599 faciendum

115 1611 163 1647 de
182 1611 410 1657 maj0ribus3
430 1610 460 1646 si
480 1611 581 1646 enim
603 1612 742 1646 omissa
763 1611 902 1657 arguit,

74 1678 81 1682 -
116 1658 235 1695 multo
276 1658 359 1704 plus
395 1658 607 1694 commissa.
644 1660 752 1702 Item,
782 1660 904 1705 magis

117 1706 260 1751 arguit,
300 1706 348 1741 de
388 1705 552 1751 peccatis
593 1706 633 1741 in
676 1706 903 1752 proximum,

117 1763 232 1800 quam
268 1753 307 1788 in
330 1754 462 1796 Deum,
505 1752 593 1798 quia
619 1752 649 1788 si
684 1758 836 1799 peccata
866 1754 905 1789 in

116 1800 332 1848 proximum
352 1800 668 1844 condemnantur,
692 1801 808 1836 multo
828 1812 905 1836 ma-

119 1847 176 1894 gis
208 1852 365 1894 peccata
396 1849 433 1883 in
456 1850 586 1893 Deum,
606 1851 647 1884 ut
671 1848 906 1894 blasphemia

122 1899 161 1932 et
180 1894 407 1931 idololatria.
430 1897 537 1939 Item,
563 1906 646 1931 cum
669 1900 811 1941 septem
832 1895 906 1931 sint

123 1953 238 1989 opera
272 1941 556 1988 misericordiae,
598 1953 731 1987 unum,
769 1942 909 1979 scilicet

123 1991 357 2037 sepulturam
396 1994 645 2033 mortuorum,
676 1990 722 2026 de
766 2001 839 2036 qua
866 1990 905 2026 in

124 2042 272 2074 tantum
303 2037 437 2074 Tobias
463 2038 765 2082 commendatur,
786 2037 905 2073 omit-

122 2085 181 2130 tit,
217 2084 307 2131 quia
333 2085 458 2121 minus
483 2089 539 2121 est
570 2087 787 2121 necessaria
807 2085 906 2121 inter

122 2136 247 2169 cetera
262 2143 376 2179 opera
396 2132 679 2168 misericordiae.
696 2134 804 2177 Item,
820 2143 905 2168 cum

120 2180 169 2217 sit
194 2180 457 2216 misericordia
484 2179 692 2226 corporalis
726 2184 763 2216 et
791 2179 902 2225 spiri-

119 2227 250 2272 tualis,
269 2227 394 2274 potius
408 2228 595 2263 defectum
610 2227 736 2273 arguit
748 2238 904 2273 operum

122 2274 391 2322 corporalium,
405 2286 517 2321 quam
531 2274 799 2321 spiritualium,
818 2274 906 2321 quia

123 2333 240 2369 opera
259 2323 472 2369 corporalia
483 2327 570 2358 sunt
582 2322 831 2367 evidentiora,
846 2323 905 2358 vel

121 2380 190 2417 per
206 2371 277 2406 hoc
295 2374 408 2406 etiam
427 2370 690 2416 significantur
709 2369 786 2405 illa.

174 2432 213 2454 12
234 2419 436 2454 Semnum
455 2420 592 2454 Juniffls
613 2429 740 2453 amma
767 2429 904 2453 MENTA-

121 2476 176 2501 Lis
192 2477 239 2501 AN
256 2466 428 2501 voemiis?
448 2486 493 2492 —-
516 2467 644 2501 Potest
664 2468 790 2500 autem
810 2475 905 2510 quae-

121 2512 154 2548 ri
180 2515 307 2548 utrum
328 2512 393 2549 illa
414 2512 635 2559 disceptatio
653 2517 690 2548 et
717 2512 906 2548 sententia

123 2559 195 2596 erit
216 2559 370 2604 vocalis,
390 2561 449 2597 vel
468 2560 643 2596 mentalis
676 2563 847 2602 tantum;
871 2563 907 2595 et

122 2606 272 2643 videtur
307 2607 406 2653 quod
440 2607 594 2652 vocalis,
620 2606 721 2652 quia,
749 2610 792 2642 ut
818 2607 908 2642 dicit

124 2655 369 2699 Augustinus,
396 2665 464 2701 per
491 2659 582 2701 quot
603 2655 683 2690 dies
709 2655 780 2689 hoc
799 2654 906 2700 Judi-

125 2701 225 2738 cium
252 2702 439 2747 tendatur,
465 2702 650 2738 incertum
675 2704 749 2744 est3
779 2702 843 2737 sed
877 2702 907 2737 si

127 2748 341 2785 mentaliter
361 2749 469 2785 fieret
494 2753 656 2793 tantum,
681 2748 807 2784 statim
841 2759 906 2785 ex-

126 2795 332 2844 pediretur.
357 2797 385 2832 E
410 2800 542 2834 contra
579 2796 733 2843 quidam
759 2796 902 2837 dicunt,

1002 164 1045 197 IN
1083 163 1296 196 EXTREMO
1334 162 1515 195 JUchto.
1707 157 1767 191 313

981 232 1081 278 quod
1103 232 1288 279 judicium
1314 231 1386 267 erit
1411 228 1592 273 mentale,
1619 230 1657 263 et
1684 236 1760 262 non

979 280 1122 324 vocale,
1140 279 1249 316 aliter
1270 279 1388 314 multo
1411 281 1582 322 tempore
1604 278 1757 321 proten-

979 327 1158 370 deretur;
1187 327 1288 363 unde
1315 325 1472 371 Sapiens
1501 335 1508 359 :
1548 325 1758 368 Disrumpet

978 377 1062 411 illos
1091 377 1238 421 inflatos
1270 375 1348 409 sine
1379 383 1474 408 voce.
1506 370 1578 406 Alii
1611 369 1757 413 dicunt,

979 424 1066 468 quia
1084 429 1120 459 et
1146 421 1310 458 mentale
1335 420 1406 456 erit
1425 418 1599 460 interius,
1627 422 1664 452 et
1685 427 1757 452 vo-

978 470 1057 507 cale
1079 469 1264 513 exterius3
1283 464 1567 514 quiajudicabit
1589 464 1758 500 Christus

976 529 1052 554 non
1086 521 1233 554 tantum
1268 519 1309 552 ut
1329 517 1444 557 Deus,
1472 513 1538 548 sed
1560 515 1599 547 ut
1630 512 1758 552 homo,

976 565 1061 602 ideo
1094 566 1176 612 ejus
1199 564 1383 611 judicium
1411 560 1482 597 erit
1521 570 1597 595 non
1633 558 1759 593 divino

976 613 1088 649 modo
1100 616 1259 655 tantum,
1273 611 1337 647 sed
1351 611 1531 645 humano.
1547 608 1596 641 Ex
1611 606 1681 641 hoe
1697 616 1760 640 au-

975 663 1051 696 tem
1079 661 1201 706 majus
1223 657 1404 705 gaudium
1430 653 1610 706 sensibile
1630 654 1758 688 bono-

975 719 1073 752 rum,
1096 712 1133 744 et
1145 708 1272 753 ·maj0r
1295 705 1404 742 dolor
1422 701 1613 740 sensibilis
1633 710 1759 752 repro-

976 756 1111 791 borum
1146 755 1239 795 erit3
1268 753 1369 790 unde
1406 762 1485 787 non
1518 750 1659 785 frustra
1686 751 1758 799 erit

976 803 1060 846 hoc,
1082 803 1147 839 sed
1179 801 1323 838 utiliter
1358 801 1454 836 sicut
1488 801 1525 833 et
1552 794 1762 849 corppralis

976 849 1162 896 apparitio
1200 850 1413 885 hominum.
1454 844 1548 882 Huic
1593 853 1761 889 opinioni

977 897 1206 934 adhaerendo
1241 896 1442 932 dicendum
1476 893 1524 929 ad
1555 892 1761 943 objectum,

977 947 1172 991 sapientiae
1191 945 1316 980 locum
1336 942 1436 989 quod
1452 941 1663 993 disrumpet
1677 938 1763 973 illos

979 994 1059 1029 sine
1078 1004 1169 1029 voce
1193 989 1445 1028 excusationis
1463 987 1686 1024 sufficientis
1703 985 1759 1038 vel

978 1040 1266 1087 appellationis;
1290 1039 1355 1075 sed
1376 1048 1452 1073 non
1474 1036 1554 1072 sine
1577 1045 1668 1071 voce
1689 1034 1762 1069 dis-

979 1088 1204 1135 ceptationis
1223 1085 1423 1133 generalis.

1030 1139 1070 1172 15
1111 1138 1392 1171 Hmmnurioms
1437 1144 1478 1168 ET
1515 1141 1757 1167 nAuNitrioms

979 1195 1109 1219 causis.
1197 1184 1249 1219 De
1272 1180 1421 1217 motivis
1447 1183 1572 1229 autem
1601 1179 1758 1224 hujusce

979 1230 1176 1267 sententiae
1215 1230 1268 1266 sic
1304 1230 1419 1265 habet
1464 1228 1698 1271 Auqustinus
1748 1236 1756 1260 :

982 1296 997 1309 α
1021 1280 1154 1322 Quaere
1176 1288 1309 1314 causas
1343 1277 1400 1312 vel
1420 1279 1535 1311 tantae
1557 1272 1757 1316 mercedis,

978 1327 1037 1362 vel
1058 1326 1154 1362 tanti
1176 1324 1373 1371 supplicii:
1395 1325 1576 1369 Percipite
1593 1332 1759 1366 reyntmt,

981 1377 1076 1418 etc.;
1100 1377 1136 1410 et
1165 1385 1173 1408 :
1211 1375 1261 1408 Ite
1280 1374 1319 1408 in
1340 1375 1459 1416 iqnem
1481 1374 1666 1410 recemum,
1690 1373 1761 1404 etc,

981 1424 1103 1466 Quare
1130 1421 1183 1456 illi
1223 1418 1437 1466 percepturi
1459 1429 1617 1463 regnum
1634 1417 1652 1452 ⁶?
1672 1418 1765 1452 Esu-

978 1472 1053 1505 7²ivi
1072 1471 1181 1509 enim,
1201 1473 1234 1503 et
1255 1468 1409 1502 dedistis
1424 1468 1516 1501 mihi
1527 1465 1763 1509 manducare,

981 1520 1051 1553 etc.
1081 1517 1203 1560 Quare
1222 1514 1282 1550 isti
1304 1513 1393 1549 ituri
1426 1513 1465 1548 in
1484 1513 1610 1559 ignem
1647 1515 1762 1547 aeter-

981 1576 1071 1601 num
1086 1565 1103 1599 ἱ)
1135 1564 1288 1599 Esurivi
1319 1564 1427 1606 enim,
1451 1565 1483 1596 et
1508 1572 1580 1596 non
1605 1560 1762 1595 dedistis

980 1614 1073 1648 mihi
1095 1611 1331 1652 manducare,
1352 1612 1423 1644 etc.
1461 1608 1556 1651 Quid
1592 1610 1649 1643 est
1676 1607 1763 1649 hoc,

981 1671 1073 1705 rogo
1089 1660 1107 1694 1>
1134 1658 1250 1694 Video
1285 1657 1331 1693 de
1360 1656 1419 1692 his
1451 1655 1514 1702 qui
1550 1653 1764 1702 percepturi

983 1710 1067 1744 sunt
1080 1717 1255 1752 regnunt,
1270 1704 1358 1750 quia
1373 1704 1560 1740 dederunt
1573 1706 1766 1748 tamquam

981 1754 1072 1791 boni
1100 1758 1136 1789 et
1167 1753 1300 1789 fideles
1324 1751 1542 1795 Christiani,
1566 1750 1629 1797 qui
1650 1750 1766 1785 verba

982 1801 1131 1838 Domini
1167 1811 1241 1835 non
1272 1802 1573 1842 contemnentes,
1605 1802 1642 1833 et
1680 1806 1764 1832 cum

982 1849 1122 1885 fiducia
1152 1846 1337 1894 promissa
1366 1850 1563 1892 sperantes
1595 1846 1766 1881 fecerunt

982 1898 1072 1941 hoc3
1095 1895 1194 1941 quia,
1220 1893 1251 1929 si
1272 1905 1347 1929 non
1366 1893 1648 1937 fecissent,vitae
1664 1892 1765 1937 ipso-

983 1955 1067 1980 rum
1088 1945 1200 1979 bonae
1227 1941 1407 1977 sterilitas
1434 1940 1506 1976 ista
1535 1951 1612 1976 non
1631 1939 1763 1984 utique

984 1990 1236 2028 convenisset.
1260 1990 1369 2024 Forte
1391 1988 1489 2024 enim
1515 1989 1607 2024 casti
1640 1991 1763 2031 erant,

982 2050 1058 2075 non
1082 2039 1335 2080 fraudatores,
1364 2047 1441 2072 non
1467 2035 1620 2079 ebriosi,
1640 2034 1764 2071 absti-

984 2089 1118 2122 nentes
1138 2096 1177 2120 se
1199 2085 1245 2120 ab
1273 2083 1451 2130 operibus
1484 2083 1619 2127 malis;
1642 2083 1672 2118 si
1694 2083 1765 2118 hoc

982 2145 1057 2170 non
1085 2133 1282 2175 adderent,
1320 2131 1467 2167 steriles
1506 2134 1765 2174 remanerent,

982 2181 1161 2217 fecissent
1190 2178 1306 2223 enim,
1328 2179 1473 2215 declina
1492 2190 1514 2214 a
1546 2180 1665 2220 mal03
1685 2187 1763 2213 non

982 2228 1172 2269 fecissent,
1190 2230 1222 2262 et
1237 2228 1297 2269 fite
1318 2226 1458 2263 bonum.
1478 2226 1666 2273 Scriptum
1683 2230 1737 2261 est
1754 2237 1763 2261 t

981 2278 1084 2313 Sicut
1107 2286 1204 2321 aqua
1223 2275 1428 2318 eaestinquit
1448 2276 1582 2319 ignem,
1604 2276 1656 2310 sic
1676 2276 1764 2310 elee-

980 2325 1328 2368 mosynapeccatmn
1342 2334 1351 2363 ,·
1367 2323 1469 2366 item,
1485 2321 1669 2368 scriptum
1680 2326 1737 2358 est
1752 2337 1759 2359 :

983 2371 1160 2408 conclude
1180 2371 1442 2413 eleemosynam
1460 2372 1500 2405 in
1514 2371 1619 2405 corde
1628 2381 1764 2416 paupe-

980 2420 1048 2463 ris,
1064 2422 1097 2453 et
1119 2419 1190 2453 haee
1209 2427 1274 2461 pro
1294 2420 1327 2451 te
1347 2418 1513 2453 eworabit
1535 2419 1736 2453 Dominum
1753 2428 1762 2461 ;

982 2469 1019 2502 et
1045 2465 1119 2501 alia
1139 2464 1257 2501 multa
1278 2467 1365 2499 sunt
1396 2464 1514 2500 divini
1534 2464 1674 2511 eloquii
1700 2465 1764 2500 do-

981 2517 1109 2559 gmata
1129 2513 1265 2558 quibus
1280 2512 1492 2548 ostenditur
1506 2513 1667 2548 multum
1690 2523 1762 2547 va—

981 2561 1059 2596 lere
1098 2560 1378 2604 eleemosynam
1414 2561 1461 2595 ad
1489 2559 1762 2605 exstinguenda

982 2611 1020 2644 et
1033 2608 1192 2644 delenda
1212 2610 1378 2658 peccata.
1398 2608 1561 2643 Proinde
1577 2607 1649 2642 illis
1670 2617 1764 2652 quos

983 2656 1244 2698 damnaturus,
1266 2664 1343 2689 imo
1368 2655 1449 2700 plus
1477 2654 1551 2690 illis
1572 2664 1665 2700 quos
1693 2665 1762 2689 co—

982 2707 1181 2739 ronaturus
1202 2707 1258 2738 est
1280 2700 1380 2736 solas
1412 2703 1669 2747 eleemosynas
1690 2701 1760 2736 im-

981 2751 1142 2796 putabit,
1167 2749 1297 2786 dicens
1324 2760 1332 2784 ε
1365 2749 1528 2786 Difficile
1562 2752 1618 2785 est
1654 2752 1694 2784 ut
1729 2749 1760 2784 si

983 2797 1194 2833 examinem
1225 2809 1292 2835 vos
1324 2800 1361 2831 et
1396 2796 1692 2844 apprehendam,
1724 2799 1761 2833 et
