<?xml version="1.0" encoding="UTF-8"?>
<!DOCTYPE html PUBLIC "-//W3C//DTD XHTML 1.0 Transitional//EN"
    "http://www.w3.org/TR/xhtml1/DTD/xhtml1-transitional.dtd">
<html xmlns="http://www.w3.org/1999/xhtml" xml:lang="en" lang="en">
 <head>
  <title>
</title>
<meta http-equiv="Content-Type" content="text/html;charset=utf-8" />
  <meta name='ocr-system' content='tesseract 3.04.00' />
  <meta name='ocr-capabilities' content='ocr_page ocr_carea ocr_par ocr_line ocrx_word'/>
</head>
<body>
  <div class='ocr_page' id='page_1' title='image "./vitajesuchristie03ludouoft_0292.png"; bbox 0 0 1907 3139; ppageno 0'>
   <div class='ocr_carea' id='block_1_1' title="bbox 174 158 1343 196">
    <p class='ocr_par' dir='ltr' id='par_1_1' title="bbox 174 158 1343 196">
     <span class='ocr_line' id='line_1_1' title="bbox 174 158 1343 196; baseline 0.001 -2"><span class='ocrx_word' id='word_1_1' title='bbox 174 158 233 195; x_wconf 71' lang='lat'>282</span> <span class='ocrx_word' id='word_1_2' title='bbox 637 162 844 196; x_wconf 77' lang='lat' dir='ltr'>SECUNDAE</span> <span class='ocrx_word' id='word_1_3' title='bbox 883 162 1045 196; x_wconf 75' lang='lat' dir='ltr'><strong>PARTIS</strong></span> <span class='ocrx_word' id='word_1_4' title='bbox 1083 162 1219 195; x_wconf 80' lang='lat' dir='ltr'><strong>CAPUT</strong></span> <span class='ocrx_word' id='word_1_5' title='bbox 1257 163 1343 195; x_wconf 86' lang='lat' dir='ltr'>XIV</span> 
     </span>
    </p>
   </div>
   <div class='ocr_carea' id='block_1_2' title="bbox 172 230 954 467">
    <p class='ocr_par' dir='ltr' id='par_1_2' title="bbox 172 230 954 467">
     <span class='ocr_line' id='line_1_2' title="bbox 172 230 952 278; baseline 0 -11"><span class='ocrx_word' id='word_1_6' title='bbox 172 231 274 268; x_wconf 85' lang='lat' dir='ltr'>nitur</span> <span class='ocrx_word' id='word_1_7' title='bbox 293 230 338 268; x_wconf 89' lang='lat' dir='ltr'>de</span> <span class='ocrx_word' id='word_1_8' title='bbox 356 231 417 269; x_wconf 88' lang='lat' dir='ltr'>die</span> <span class='ocrx_word' id='word_1_9' title='bbox 433 231 566 278; x_wconf 87' lang='lat' dir='ltr'>judicii</span> <span class='ocrx_word' id='word_1_10' title='bbox 583 232 782 278; x_wconf 82' lang='lat' dir='ltr'>generalis,</span> <span class='ocrx_word' id='word_1_11' title='bbox 805 231 952 268; x_wconf 87' lang='lat' dir='ltr'>morali-</span> 
     </span>
     <span class='ocr_line' id='line_1_3' title="bbox 176 279 952 326; baseline 0 -12"><span class='ocrx_word' id='word_1_12' title='bbox 176 282 233 314; x_wconf 71' lang='lat' dir='ltr'>ter</span> <span class='ocrx_word' id='word_1_13' title='bbox 251 282 374 324; x_wconf 87' lang='lat' dir='ltr'>potest</span> <span class='ocrx_word' id='word_1_14' title='bbox 394 279 552 326; x_wconf 78' lang='lat' dir='ltr'>intelligi</span> <span class='ocrx_word' id='word_1_15' title='bbox 574 281 620 315; x_wconf 84' lang='lat' dir='ltr'>de</span> <span class='ocrx_word' id='word_1_16' title='bbox 642 279 701 315; x_wconf 88' lang='lat' dir='ltr'>die</span> <span class='ocrx_word' id='word_1_17' title='bbox 718 279 849 325; x_wconf 77' lang='lat' dir='ltr'>judicii</span> <span class='ocrx_word' id='word_1_18' title='bbox 869 290 952 324; x_wconf 71' lang='lat' dir='ltr'>par-</span> 
     </span>
     <span class='ocr_line' id='line_1_4' title="bbox 177 326 953 372; baseline 0 -11"><span class='ocrx_word' id='word_1_19' title='bbox 177 326 358 368; x_wconf 80' lang='lat' dir='ltr'>ticularis,</span> <span class='ocrx_word' id='word_1_20' title='bbox 373 326 436 372; x_wconf 85' lang='lat' dir='ltr'>qui</span> <span class='ocrx_word' id='word_1_21' title='bbox 451 331 506 363; x_wconf 88' lang='lat' dir='ltr'>est</span> <span class='ocrx_word' id='word_1_22' title='bbox 520 327 598 363; x_wconf 80' lang='lat' dir='ltr'>dies</span> <span class='ocrx_word' id='word_1_23' title='bbox 611 327 741 362; x_wconf 85' lang='lat' dir='ltr'>mortis</span> <span class='ocrx_word' id='word_1_24' title='bbox 756 326 953 371; x_wconf 87' lang='lat' dir='ltr'>cujuslibet</span> 
     </span>
     <span class='ocr_line' id='line_1_5' title="bbox 177 373 951 418; baseline 0 -10"><span class='ocrx_word' id='word_1_25' title='bbox 177 373 360 418; x_wconf 89' lang='lat' dir='ltr'>hominis;</span> <span class='ocrx_word' id='word_1_26' title='bbox 381 374 480 410; x_wconf 90' lang='lat' dir='ltr'>diem</span> <span class='ocrx_word' id='word_1_27' title='bbox 502 376 599 410; x_wconf 89' lang='lat' dir='ltr'>enim</span> <span class='ocrx_word' id='word_1_28' title='bbox 621 374 751 410; x_wconf 88' lang='lat' dir='ltr'>mortis</span> <span class='ocrx_word' id='word_1_29' title='bbox 775 385 850 409; x_wconf 81' lang='lat' dir='ltr'>suae</span> <span class='ocrx_word' id='word_1_30' title='bbox 871 375 951 408; x_wconf 91' lang='lat' dir='ltr'>nul-</span> 
     </span>
     <span class='ocr_line' id='line_1_6' title="bbox 177 420 954 467; baseline 0 -11"><span class='ocrx_word' id='word_1_31' title='bbox 177 420 240 456; x_wconf 81' lang='lat' dir='ltr'>lus</span> <span class='ocrx_word' id='word_1_32' title='bbox 256 420 338 467; x_wconf 86' lang='lat' dir='ltr'>scit,</span> <span class='ocrx_word' id='word_1_33' title='bbox 360 421 433 458; x_wconf 87' lang='lat' dir='ltr'>nisi</span> <span class='ocrx_word' id='word_1_34' title='bbox 455 423 552 458; x_wconf 86' lang='lat' dir='ltr'>Deus</span> <span class='ocrx_word' id='word_1_35' title='bbox 573 421 643 458; x_wconf 87' lang='lat' dir='ltr'>sibi</span> <span class='ocrx_word' id='word_1_36' title='bbox 663 421 897 465; x_wconf 74' lang='lat' dir='ltr'><strong>revelaverit,</strong></span> <span class='ocrx_word' id='word_1_37' title='bbox 918 423 954 456; x_wconf 89' lang='lat' dir='ltr'>et</span> 
     </span>
    </p>
   </div>
   <div class='ocr_carea' id='block_1_3' title="bbox 1022 231 1797 466">
    <p class='ocr_par' dir='ltr' id='par_1_3' title="bbox 1022 231 1797 466">
     <span class='ocr_line' id='line_1_7' title="bbox 1026 231 1793 278; baseline 0 -11"><span class='ocrx_word' id='word_1_38' title='bbox 1026 232 1109 268; x_wconf 91' lang='lat' dir='ltr'>ideo</span> <span class='ocrx_word' id='word_1_39' title='bbox 1125 236 1181 268; x_wconf 89' lang='lat' dir='ltr'>est</span> <span class='ocrx_word' id='word_1_40' title='bbox 1199 232 1307 268; x_wconf 89' lang='lat' dir='ltr'>nobis</span> <span class='ocrx_word' id='word_1_41' title='bbox 1326 232 1558 278; x_wconf 83' lang='lat' dir='ltr'>vigilandum</span> <span class='ocrx_word' id='word_1_42' title='bbox 1573 232 1619 268; x_wconf 93' lang='lat' dir='ltr'>de</span> <span class='ocrx_word' id='word_1_43' title='bbox 1638 232 1707 268; x_wconf 88' lang='lat' dir='ltr'>hac</span> <span class='ocrx_word' id='word_1_44' title='bbox 1721 231 1793 276; x_wconf 91' lang='lat' dir='ltr'>die,</span> 
     </span>
     <span class='ocr_line' id='line_1_8' title="bbox 1028 277 1797 325; baseline -0.001 -10"><span class='ocrx_word' id='word_1_45' title='bbox 1028 279 1121 315; x_wconf 86' lang='lat' dir='ltr'>sicut</span> <span class='ocrx_word' id='word_1_46' title='bbox 1135 280 1180 316; x_wconf 87' lang='lat' dir='ltr'>de</span> <span class='ocrx_word' id='word_1_47' title='bbox 1196 279 1260 315; x_wconf 88' lang='lat' dir='ltr'>illa</span> <span class='ocrx_word' id='word_1_48' title='bbox 1274 280 1429 316; x_wconf 75' lang='lat' dir='ltr'>sollicite</span> <span class='ocrx_word' id='word_1_49' title='bbox 1444 277 1797 325; x_wconf 54' lang='lat' dir='ltr'>cogritandun1‚quia</span> 
     </span>
     <span class='ocr_line' id='line_1_9' title="bbox 1027 326 1795 373; baseline -0.001 -12"><span class='ocrx_word' id='word_1_50' title='bbox 1027 327 1146 371; x_wconf 81' lang='lat' dir='ltr'>qualis</span> <span class='ocrx_word' id='word_1_51' title='bbox 1165 327 1321 373; x_wconf 88' lang='lat' dir='ltr'>quisque</span> <span class='ocrx_word' id='word_1_52' title='bbox 1338 327 1469 363; x_wconf 83' lang='lat' dir='ltr'>exierit</span> <span class='ocrx_word' id='word_1_53' title='bbox 1489 327 1534 362; x_wconf 90' lang='lat' dir='ltr'>de</span> <span class='ocrx_word' id='word_1_54' title='bbox 1556 328 1625 362; x_wconf 89' lang='lat' dir='ltr'>hoc</span> <span class='ocrx_word' id='word_1_55' title='bbox 1643 326 1795 369; x_wconf 89' lang='lat' dir='ltr'>mundo,</span> 
     </span>
     <span class='ocr_line' id='line_1_10' title="bbox 1026 373 1796 456; baseline -0.001 -47"><span class='ocrx_word' id='word_1_56' title='bbox 1026 374 1111 456; x_wconf 57' lang='lat' dir='ltr'>taliis</span> <span class='ocrx_word' id='word_1_57' title='bbox 1129 374 1432 427; x_wconf 38' lang='lat' dir='ltr'>‚praesentabitur</span> <span class='ocrx_word' id='word_1_58' title='bbox 1463 374 1575 411; x_wconf 85' lang='lat' dir='ltr'>etiam</span> <span class='ocrx_word' id='word_1_59' title='bbox 1609 373 1647 409; x_wconf 89' lang='lat' dir='ltr'>in</span> <span class='ocrx_word' id='word_1_60' title='bbox 1673 373 1796 409; x_wconf 87' lang='lat' dir='ltr'>futuro</span> 
     </span>
     <span class='ocr_line' id='line_1_11' title="bbox 1022 431 1232 466; baseline 0.005 -10"><span class='ocrx_word' id='word_1_61' title='bbox 1022 431 1064 466; x_wconf 94' lang='lat' dir='ltr'>Ju</span> <span class='ocrx_word' id='word_1_62' title='bbox 1093 431 1177 458; x_wconf 86' lang='lat' dir='ltr'>lclo.</span> <span class='ocrx_word' id='word_1_63' title='bbox 1227 431 1232 436; x_wconf 93' lang='lat'>·</span> 
     </span>
    </p>
   </div>
   <div class='ocr_carea' id='block_1_4' title="bbox 902 536 1072 574">
    <p class='ocr_par' dir='ltr' id='par_1_4' title="bbox 902 536 1072 574">
     <span class='ocr_line' id='line_1_12' title="bbox 902 536 1072 574; baseline 0 -1"><span class='ocrx_word' id='word_1_64' title='bbox 902 536 1072 574; x_wconf 91' lang='lat' dir='ltr'><strong>ORATIO</strong></span> 
     </span>
    </p>
   </div>
   <div class='ocr_carea' id='block_1_5' title="bbox 171 654 1802 1032">
    <p class='ocr_par' dir='ltr' id='par_1_5' title="bbox 171 654 1802 1032">
     <span class='ocr_line' id='line_1_13' title="bbox 223 654 1800 708; baseline 0.002 -15"><span class='ocrx_word' id='word_1_65' title='bbox 223 655 378 693; x_wconf 79' lang='lat' dir='ltr'>Domine</span> <span class='ocrx_word' id='word_1_66' title='bbox 412 658 499 692; x_wconf 89' lang='lat' dir='ltr'>Jesu</span> <span class='ocrx_word' id='word_1_67' title='bbox 525 655 679 699; x_wconf 78' lang='lat' dir='ltr'>Christe,</span> <span class='ocrx_word' id='word_1_68' title='bbox 705 654 788 691; x_wconf 87' lang='lat' dir='ltr'>veni</span> <span class='ocrx_word' id='word_1_69' title='bbox 811 655 857 691; x_wconf 87' lang='lat' dir='ltr'>ad</span> <span class='ocrx_word' id='word_1_70' title='bbox 878 666 938 692; x_wconf 92' lang='lat' dir='ltr'>me</span> <span class='ocrx_word' id='word_1_71' title='bbox 963 655 1001 690; x_wconf 89' lang='lat' dir='ltr'>in</span> <span class='ocrx_word' id='word_1_72' title='bbox 1022 654 1183 691; x_wconf 84' lang='lat' dir='ltr'>nubibus</span> <span class='ocrx_word' id='word_1_73' title='bbox 1202 655 1448 708; x_wconf 64' lang='lat' dir='ltr'>poenitentiae,</span> <span class='ocrx_word' id='word_1_74' title='bbox 1472 660 1508 692; x_wconf 89' lang='lat' dir='ltr'>et</span> <span class='ocrx_word' id='word_1_75' title='bbox 1535 668 1598 692; x_wconf 86' lang='lat' dir='ltr'>cor</span> <span class='ocrx_word' id='word_1_76' title='bbox 1620 669 1744 695; x_wconf 90' lang='lat' dir='ltr'>meum</span> <span class='ocrx_word' id='word_1_77' title='bbox 1761 658 1800 696; x_wconf 88' lang='lat' dir='ltr'>in</span> 
     </span>
     <span class='ocr_line' id='line_1_14' title="bbox 174 702 1801 749; baseline 0.002 -10"><span class='ocrx_word' id='word_1_78' title='bbox 174 703 339 749; x_wconf 77' lang='lat' dir='ltr'>pluviam</span> <span class='ocrx_word' id='word_1_79' title='bbox 363 703 611 749; x_wconf 86' lang='lat' dir='ltr'>lacrymarum</span> <span class='ocrx_word' id='word_1_80' title='bbox 633 703 799 738; x_wconf 84' lang='lat' dir='ltr'>resolve·</span> <span class='ocrx_word' id='word_1_81' title='bbox 794 703 913 748; x_wconf 84' lang='lat' dir='ltr'>,ejice</span> <span class='ocrx_word' id='word_1_82' title='bbox 951 702 991 738; x_wconf 89' lang='lat' dir='ltr'>in</span> <span class='ocrx_word' id='word_1_83' title='bbox 1028 706 1213 748; x_wconf 72' lang='lat' dir='ltr'>potestate</span> <span class='ocrx_word' id='word_1_84' title='bbox 1245 702 1420 739; x_wconf 84' lang='lat' dir='ltr'>vitiorum</span> <span class='ocrx_word' id='word_1_85' title='bbox 1447 703 1646 748; x_wconf 85' lang='lat' dir='ltr'>daemonia,</span> <span class='ocrx_word' id='word_1_86' title='bbox 1670 711 1706 741; x_wconf 88' lang='lat' dir='ltr'>et</span> <span class='ocrx_word' id='word_1_87' title='bbox 1725 717 1801 743; x_wconf 88' lang='lat' dir='ltr'>ma-</span> 
     </span>
     <span class='ocr_line' id='line_1_15' title="bbox 171 750 1799 797; baseline 0.001 -11"><span class='ocrx_word' id='word_1_88' title='bbox 171 752 308 797; x_wconf 84' lang='lat' dir='ltr'>J&#39;estate</span> <span class='ocrx_word' id='word_1_89' title='bbox 332 751 370 785; x_wconf 89' lang='lat' dir='ltr'>in</span> <span class='ocrx_word' id='word_1_90' title='bbox 388 760 446 785; x_wconf 89' lang='lat' dir='ltr'>me</span> <span class='ocrx_word' id='word_1_91' title='bbox 465 760 593 795; x_wconf 85' lang='lat' dir='ltr'>regna.</span> <span class='ocrx_word' id='word_1_92' title='bbox 620 751 689 785; x_wconf 78' lang='lat' dir='ltr'>l⁴ac</span> <span class='ocrx_word' id='word_1_93' title='bbox 710 761 782 793; x_wconf 90' lang='lat' dir='ltr'>me,</span> <span class='ocrx_word' id='word_1_94' title='bbox 802 761 822 785; x_wconf 89' lang='lat'>0</span> <span class='ocrx_word' id='word_1_95' title='bbox 846 752 973 785; x_wconf 88' lang='lat' dir='ltr'>nostra</span> <span class='ocrx_word' id='word_1_96' title='bbox 997 751 1048 784; x_wconf 79' lang='grc' dir='ltr'>Β(</span> <span class='ocrx_word' id='word_1_97' title='bbox 1053 750 1232 795; x_wconf 77' lang='lat' dir='ltr'>demptio,</span> <span class='ocrx_word' id='word_1_98' title='bbox 1263 750 1310 785; x_wconf 92' lang='lat' dir='ltr'>ad</span> <span class='ocrx_word' id='word_1_99' title='bbox 1335 753 1370 785; x_wconf 90' lang='lat' dir='ltr'>te</span> <span class='ocrx_word' id='word_1_100' title='bbox 1402 750 1588 797; x_wconf 78' lang='lat' dir='ltr'>lespiceie</span> <span class='ocrx_word' id='word_1_101' title='bbox 1610 752 1799 789; x_wconf 86' lang='lat' dir='ltr'>interiori-</span> 
     </span>
     <span class='ocr_line' id='line_1_16' title="bbox 176 796 1801 842; baseline 0.002 -9"><span class='ocrx_word' id='word_1_102' title='bbox 176 801 242 833; x_wconf 90' lang='lat' dir='ltr'>bus</span> <span class='ocrx_word' id='word_1_103' title='bbox 262 797 394 839; x_wconf 85' lang='lat' dir='ltr'>oculis,</span> <span class='ocrx_word' id='word_1_104' title='bbox 414 800 451 832; x_wconf 89' lang='lat' dir='ltr'>et</span> <span class='ocrx_word' id='word_1_105' title='bbox 468 797 591 833; x_wconf 68' lang='lat' dir='ltr'>levam</span> <span class='ocrx_word' id='word_1_106' title='bbox 613 800 723 842; x_wconf 88' lang='lat' dir='ltr'>caput</span> <span class='ocrx_word' id='word_1_107' title='bbox 749 796 910 840; x_wconf 78' lang='lat' dir='ltr'>mentis3</span> <span class='ocrx_word' id='word_1_108' title='bbox 933 797 980 832; x_wconf 89' lang='lat' dir='ltr'>da</span> <span class='ocrx_word' id='word_1_109' title='bbox 1001 797 1091 831; x_wconf 71' lang='lat' dir='ltr'>milii</span> <span class='ocrx_word' id='word_1_110' title='bbox 1112 797 1238 832; x_wconf 72' lang='lat' dir='ltr'>videte</span> <span class='ocrx_word' id='word_1_111' title='bbox 1256 797 1468 841; x_wconf 82' lang='lat' dir='ltr'>ficulneam,</span> <span class='ocrx_word' id='word_1_112' title='bbox 1495 798 1635 835; x_wconf 87' lang='lat' dir='ltr'>sentire</span> <span class='ocrx_word' id='word_1_113' title='bbox 1660 799 1801 836; x_wconf 84' lang='lat' dir='ltr'>scilicet</span> 
     </span>
     <span class='ocr_line' id='line_1_17' title="bbox 173 843 1802 890; baseline 0.002 -11"><span class='ocrx_word' id='word_1_114' title='bbox 173 850 245 880; x_wconf 58' lang='lat' dir='ltr'>tuse</span> <span class='ocrx_word' id='word_1_115' title='bbox 267 844 432 880; x_wconf 72' lang='lat' dir='ltr'>calitatis</span> <span class='ocrx_word' id='word_1_116' title='bbox 453 843 701 888; x_wconf 74' lang='lat' dir='ltr'>dulcedinem,</span> <span class='ocrx_word' id='word_1_117' title='bbox 724 848 764 880; x_wconf 88' lang='lat' dir='ltr'>ut</span> <span class='ocrx_word' id='word_1_118' title='bbox 783 845 948 879; x_wconf 87' lang='lat' dir='ltr'>omnium</span> <span class='ocrx_word' id='word_1_119' title='bbox 970 843 1148 879; x_wconf 87' lang='lat' dir='ltr'>viitutum</span> <span class='ocrx_word' id='word_1_120' title='bbox 1171 845 1326 880; x_wconf 85' lang='lat' dir='ltr'>arbores</span> <span class='ocrx_word' id='word_1_121' title='bbox 1353 845 1559 890; x_wconf 74' lang='lat' dir='ltr'>producant</span> <span class='ocrx_word' id='word_1_122' title='bbox 1584 845 1624 881; x_wconf 90' lang='lat' dir='ltr'>in</span> <span class='ocrx_word' id='word_1_123' title='bbox 1646 857 1705 882; x_wconf 91' lang='lat' dir='ltr'>me</span> <span class='ocrx_word' id='word_1_124' title='bbox 1728 847 1802 883; x_wconf 88' lang='lat' dir='ltr'>fru-</span> 
     </span>
     <span class='ocr_line' id='line_1_18' title="bbox 174 891 1801 938; baseline 0.002 -11"><span class='ocrx_word' id='word_1_125' title='bbox 174 894 272 927; x_wconf 90' lang='lat' dir='ltr'>ctum</span> <span class='ocrx_word' id='word_1_126' title='bbox 295 892 477 927; x_wconf 88' lang='lat' dir='ltr'>bonorum</span> <span class='ocrx_word' id='word_1_127' title='bbox 498 902 654 937; x_wconf 90' lang='lat' dir='ltr'>operum</span> <span class='ocrx_word' id='word_1_128' title='bbox 673 903 681 934; x_wconf 83' lang='lat'>;</span> <span class='ocrx_word' id='word_1_129' title='bbox 706 895 740 926; x_wconf 87' lang='lat' dir='ltr'>et</span> <span class='ocrx_word' id='word_1_130' title='bbox 766 891 857 926; x_wconf 76' lang='lat' dir='ltr'>milii</span> <span class='ocrx_word' id='word_1_131' title='bbox 876 901 991 937; x_wconf 88' lang='lat' dir='ltr'>prope</span> <span class='ocrx_word' id='word_1_132' title='bbox 1012 892 1058 926; x_wconf 91' lang='lat' dir='ltr'>sit</span> <span class='ocrx_word' id='word_1_133' title='bbox 1076 894 1184 926; x_wconf 84' lang='lat' dir='ltr'>aestas</span> <span class='ocrx_word' id='word_1_134' title='bbox 1204 891 1307 938; x_wconf 83' lang='lat' dir='ltr'>regni</span> <span class='ocrx_word' id='word_1_135' title='bbox 1337 892 1529 928; x_wconf 82' lang='lat' dir='ltr'>coelorum.</span> <span class='ocrx_word' id='word_1_136' title='bbox 1548 893 1689 929; x_wconf 87' lang='lat' dir='ltr'>Praesta</span> <span class='ocrx_word' id='word_1_137' title='bbox 1709 893 1801 930; x_wconf 90' lang='lat' dir='ltr'>mihi</span> 
     </span>
     <span class='ocr_line' id='line_1_19' title="bbox 173 938 1800 984; baseline 0.002 -10"><span class='ocrx_word' id='word_1_138' title='bbox 173 949 304 974; x_wconf 81' lang='lat' dir='ltr'>cavere</span> <span class='ocrx_word' id='word_1_139' title='bbox 324 938 449 974; x_wconf 86' lang='lat' dir='ltr'>omnia</span> <span class='ocrx_word' id='word_1_140' title='bbox 470 938 572 981; x_wconf 80' lang='lat' dir='ltr'>vitia,</span> <span class='ocrx_word' id='word_1_141' title='bbox 600 941 636 973; x_wconf 90' lang='lat' dir='ltr'>et</span> <span class='ocrx_word' id='word_1_142' title='bbox 651 938 806 984; x_wconf 77' lang='lat' dir='ltr'>vigilare</span> <span class='ocrx_word' id='word_1_143' title='bbox 831 939 867 973; x_wconf 88' lang='lat' dir='ltr'>in</span> <span class='ocrx_word' id='word_1_144' title='bbox 888 938 1057 973; x_wconf 86' lang='lat' dir='ltr'>oratione</span> <span class='ocrx_word' id='word_1_145' title='bbox 1080 938 1271 983; x_wconf 87' lang='lat' dir='ltr'>continua,</span> <span class='ocrx_word' id='word_1_146' title='bbox 1293 943 1333 974; x_wconf 91' lang='lat' dir='ltr'>ut</span> <span class='ocrx_word' id='word_1_147' title='bbox 1354 949 1500 975; x_wconf 88' lang='lat' dir='ltr'>merear</span> <span class='ocrx_word' id='word_1_148' title='bbox 1520 939 1620 977; x_wconf 87' lang='lat' dir='ltr'>mala</span> <span class='ocrx_word' id='word_1_149' title='bbox 1640 944 1800 978; x_wconf 85' lang='lat' dir='ltr'>ventura</span> 
     </span>
     <span class='ocr_line' id='line_1_20' title="bbox 173 985 1235 1032; baseline 0 -11"><span class='ocrx_word' id='word_1_150' title='bbox 173 986 315 1032; x_wconf 81' lang='lat' dir='ltr'>fugere,</span> <span class='ocrx_word' id='word_1_151' title='bbox 339 988 376 1021; x_wconf 91' lang='lat' dir='ltr'>et</span> <span class='ocrx_word' id='word_1_152' title='bbox 395 985 434 1021; x_wconf 88' lang='lat' dir='ltr'>in</span> <span class='ocrx_word' id='word_1_153' title='bbox 456 985 599 1031; x_wconf 87' lang='lat' dir='ltr'>judicio</span> <span class='ocrx_word' id='word_1_154' title='bbox 623 991 710 1021; x_wconf 88' lang='lat' dir='ltr'>ante</span> <span class='ocrx_word' id='word_1_155' title='bbox 731 989 766 1021; x_wconf 85' lang='lat' dir='ltr'>te</span> <span class='ocrx_word' id='word_1_156' title='bbox 785 996 943 1021; x_wconf 88' lang='lat' dir='ltr'>securus</span> <span class='ocrx_word' id='word_1_157' title='bbox 965 987 1080 1021; x_wconf 84' lang='lat' dir='ltr'>stare.</span> <span class='ocrx_word' id='word_1_158' title='bbox 1103 986 1235 1021; x_wconf 89' lang='lat' dir='ltr'>Amen.</span> 
     </span>
    </p>
   </div>
   <div class='ocr_carea' id='block_1_6' title="bbox 828 1197 1150 1246">
    <p class='ocr_par' dir='ltr' id='par_1_6' title="bbox 828 1197 1150 1246">
     <span class='ocr_line' id='line_1_21' title="bbox 828 1197 1150 1246; baseline 0.006 -2"><span class='ocrx_word' id='word_1_159' title='bbox 828 1197 1009 1245; x_wconf 86' lang='lat' dir='ltr'><strong>CAPUT</strong></span> <span class='ocrx_word' id='word_1_160' title='bbox 1033 1199 1150 1246; x_wconf 90' lang='lat' dir='ltr'>XLV</span> 
     </span>
    </p>
   </div>
   <div class='ocr_carea' id='block_1_7' title="bbox 174 1350 1798 1434">
    <p class='ocr_par' dir='ltr' id='par_1_7' title="bbox 174 1350 1798 1434">
     <span class='ocr_line' id='line_1_22' title="bbox 174 1350 1798 1390; baseline 0.002 -11"><span class='ocrx_word' id='word_1_161' title='bbox 174 1352 222 1380; x_wconf 89' lang='lat' dir='ltr'>DE</span> <span class='ocrx_word' id='word_1_162' title='bbox 243 1352 308 1380; x_wconf 85' lang='lat' dir='ltr'>DIE</span> <span class='ocrx_word' id='word_1_163' title='bbox 332 1351 469 1381; x_wconf 88' lang='lat' dir='ltr'>DOMINI</span> <span class='ocrx_word' id='word_1_164' title='bbox 491 1351 620 1381; x_wconf 80' lang='lat' dir='ltr'><strong>JUXTA</strong></span> <span class='ocrx_word' id='word_1_165' title='bbox 644 1351 858 1380; x_wconf 83' lang='lat' dir='ltr'>EXEMPLUM</span> <span class='ocrx_word' id='word_1_166' title='bbox 879 1351 954 1380; x_wconf 81' lang='lat' dir='ltr'>NOE</span> <span class='ocrx_word' id='word_1_167' title='bbox 973 1351 1044 1379; x_wconf 84' lang='lat' dir='ltr'>VEL</span> <span class='ocrx_word' id='word_1_168' title='bbox 1074 1351 1175 1379; x_wconf 85' lang='lat' dir='ltr'><strong>LOTH</strong></span> <span class='ocrx_word' id='word_1_169' title='bbox 1199 1350 1339 1380; x_wconf 91' lang='lat' dir='ltr'><strong>SUBITO</strong></span> <span class='ocrx_word' id='word_1_170' title='bbox 1358 1350 1555 1390; x_wconf 76' lang='lat' dir='ltr'>VENTURO,</span> <span class='ocrx_word' id='word_1_171' title='bbox 1578 1353 1626 1381; x_wconf 87' lang='lat' dir='ltr'>AC</span> <span class='ocrx_word' id='word_1_172' title='bbox 1649 1353 1697 1381; x_wconf 85' lang='lat' dir='ltr'>DE</span> <span class='ocrx_word' id='word_1_173' title='bbox 1721 1353 1798 1382; x_wconf 91' lang='lat' dir='ltr'>UNO</span> 
     </span>
     <span class='ocr_line' id='line_1_23' title="bbox 680 1404 1295 1434; baseline -0.002 -1"><span class='ocrx_word' id='word_1_174' title='bbox 680 1405 887 1434; x_wconf 85' lang='lat' dir='ltr'><strong>ASSUMPTO</strong></span> <span class='ocrx_word' id='word_1_175' title='bbox 919 1405 969 1432; x_wconf 89' lang='grc' dir='ltr'>ΕΤ</span> <span class='ocrx_word' id='word_1_176' title='bbox 1001 1404 1091 1433; x_wconf 91' lang='lat' dir='ltr'>ALIO</span> <span class='ocrx_word' id='word_1_177' title='bbox 1120 1405 1295 1434; x_wconf 77' lang='lat' dir='ltr'><strong>RELICTO.</strong></span> 
     </span>
    </p>
   </div>
   <div class='ocr_carea' id='block_1_8' title="bbox 579 1521 1402 1570">
    <p class='ocr_par' dir='ltr' id='par_1_8' title="bbox 579 1521 1402 1570">
     <span class='ocr_line' id='line_1_24' title="bbox 579 1521 1402 1570; baseline 0 -11"><span class='ocrx_word' id='word_1_178' title='bbox 579 1521 745 1559; x_wconf 81' lang='lat' dir='ltr'>Matthaei</span> <span class='ocrx_word' id='word_1_179' title='bbox 768 1532 850 1569; x_wconf 85' lang='lat' dir='ltr'>cap.</span> <span class='ocrx_word' id='word_1_180' title='bbox 871 1523 981 1560; x_wconf 80' lang='lat' dir='ltr'>XXIV</span> <span class='ocrx_word' id='word_1_181' title='bbox 1002 1524 1038 1559; x_wconf 88' lang='lat' dir='ltr'>et</span> <span class='ocrx_word' id='word_1_182' title='bbox 1060 1523 1166 1560; x_wconf 83' lang='lat' dir='ltr'>Lucae</span> <span class='ocrx_word' id='word_1_183' title='bbox 1193 1534 1274 1570; x_wconf 81' lang='lat' dir='ltr'>cap.</span> <span class='ocrx_word' id='word_1_184' title='bbox 1296 1524 1402 1560; x_wconf 86' lang='lat' dir='ltr'><strong>XVII.</strong></span> 
     </span>
    </p>
   </div>
   <div class='ocr_carea' id='block_1_9' title="bbox 173 1641 973 1777">
    <p class='ocr_par' dir='ltr' id='par_1_9' title="bbox 173 1641 973 1777">
     <span class='ocr_line' id='line_1_25' title="bbox 231 1641 952 1677; baseline 0 0"><span class='ocrx_word' id='word_1_185' title='bbox 231 1657 243 1677; x_wconf 87' lang='lat'><em>1</em></span> <span class='ocrx_word' id='word_1_186' title='bbox 286 1641 494 1677; x_wconf 67' lang='lat' dir='ltr'>Smin-mim</span> <span class='ocrx_word' id='word_1_187' title='bbox 534 1651 578 1675; x_wconf 79' lang='lat' dir='ltr'>DE</span> <span class='ocrx_word' id='word_1_188' title='bbox 618 1652 838 1677; x_wconf 76' lang='lat' dir='ltr'>TEMPORIBUS</span> <span class='ocrx_word' id='word_1_189' title='bbox 877 1642 952 1677; x_wconf 73' lang='lat' dir='ltr'>Non</span> 
     </span>
     <span class='ocr_line' id='line_1_26' title="bbox 181 1688 952 1724; baseline -0.001 0"><span class='ocrx_word' id='word_1_190' title='bbox 181 1700 328 1724; x_wconf 74' lang='lat' dir='ltr'>sUMPTA.</span> <span class='ocrx_word' id='word_1_191' title='bbox 352 1708 396 1714; x_wconf 95' lang='lat'>—</span> <span class='ocrx_word' id='word_1_192' title='bbox 418 1689 505 1723; x_wconf 85' lang='lat' dir='ltr'>Post</span> <span class='ocrx_word' id='word_1_193' title='bbox 534 1688 613 1722; x_wconf 79' lang='lat' dir='ltr'>haec</span> <span class='ocrx_word' id='word_1_194' title='bbox 646 1688 809 1723; x_wconf 73' lang='lat' dir='ltr'>declarat</span> <span class='ocrx_word' id='word_1_195' title='bbox 836 1688 952 1723; x_wconf 81' lang='lat' dir='ltr'>incer-</span> 
     </span>
     <span class='ocr_line' id='line_1_27' title="bbox 173 1734 973 1777; baseline -0.001 -6"><span class='ocrx_word' id='word_1_196' title='bbox 173 1735 371 1771; x_wconf 77' lang='lat' dir='ltr'>titudinem</span> <span class='ocrx_word' id='word_1_197' title='bbox 406 1734 478 1770; x_wconf 91' lang='lat' dir='ltr'>diei</span> <span class='ocrx_word' id='word_1_198' title='bbox 519 1735 680 1774; x_wconf 75' lang='lat' dir='ltr'>Domini,</span> <span class='ocrx_word' id='word_1_199' title='bbox 709 1734 973 1777; x_wconf 44' lang='lat' dir='ltr'>introducens,</span> 
     </span>
    </p>
   </div>
   <div class='ocr_carea' id='block_1_10' title="bbox 1026 1641 1806 1781">
    <p class='ocr_par' dir='ltr' id='par_1_10' title="bbox 1026 1641 1806 1781">
     <span class='ocr_line' id='line_1_28' title="bbox 1026 1641 1803 1686; baseline 0.001 -9"><span class='ocrx_word' id='word_1_200' title='bbox 1026 1641 1079 1677; x_wconf 90' lang='lat' dir='ltr'>eis</span> <span class='ocrx_word' id='word_1_201' title='bbox 1099 1643 1251 1678; x_wconf 72' lang='lat' dir='ltr'>credere</span> <span class='ocrx_word' id='word_1_202' title='bbox 1270 1642 1496 1686; x_wconf 82' lang='lat' dir='ltr'>nolentibus,</span> <span class='ocrx_word' id='word_1_203' title='bbox 1517 1653 1559 1678; x_wconf 85' lang='lat' dir='ltr'>ac</span> <span class='ocrx_word' id='word_1_204' title='bbox 1573 1641 1803 1678; x_wconf 80' lang='lat' dir='ltr'>vanitatibus</span> 
     </span>
     <span class='ocr_line' id='line_1_29' title="bbox 1027 1689 1801 1733; baseline 0.001 -9"><span class='ocrx_word' id='word_1_205' title='bbox 1027 1689 1265 1733; x_wconf 64' lang='lat' dir='ltr'>vacantibus,</span> <span class='ocrx_word' id='word_1_206' title='bbox 1289 1694 1323 1724; x_wconf 91' lang='lat' dir='ltr'>et</span> <span class='ocrx_word' id='word_1_207' title='bbox 1349 1690 1438 1724; x_wconf 84' lang='lat' dir='ltr'>nibil</span> <span class='ocrx_word' id='word_1_208' title='bbox 1474 1689 1710 1732; x_wconf 88' lang='lat' dir='ltr'>timentibus,</span> <span class='ocrx_word' id='word_1_209' title='bbox 1740 1700 1801 1725; x_wconf 90' lang='lat' dir='ltr'>su-</span> 
     </span>
     <span class='ocr_line' id='line_1_30' title="bbox 1026 1736 1806 1781; baseline 0 -10"><span class='ocrx_word' id='word_1_210' title='bbox 1026 1737 1102 1772; x_wconf 88' lang='lat' dir='ltr'>bito</span> <span class='ocrx_word' id='word_1_211' title='bbox 1135 1739 1231 1770; x_wconf 68' lang='lat' dir='ltr'>venit</span> <span class='ocrx_word' id='word_1_212' title='bbox 1260 1737 1453 1778; x_wconf 68' lang='lat' dir='ltr'>dilnvium,</span> <span class='ocrx_word' id='word_1_213' title='bbox 1478 1737 1575 1781; x_wconf 78' lang='lat' dir='ltr'>qnod</span> <span class='ocrx_word' id='word_1_214' title='bbox 1605 1736 1806 1772; x_wconf 87' lang='lat' dir='ltr'>submersit</span> 
     </span>
    </p>
   </div>
   <div class='ocr_carea' id='block_1_11' title="bbox 0 0 6 2000">
    <p class='ocr_par' dir='ltr' id='par_1_11' title="bbox 0 0 6 2000">
     <span class='ocr_line' id='line_1_31' title="bbox 0 0 6 2000; baseline 0 0"><span class='ocrx_word' id='word_1_215' title='bbox 0 0 6 2000; x_wconf 95' lang='lat' dir='ltr'> </span> 
     </span>
    </p>
   </div>
   <div class='ocr_carea' id='block_1_12' title="bbox 171 1781 957 2811">
    <p class='ocr_par' dir='ltr' id='par_1_12' title="bbox 171 1781 957 2804">
     <span class='ocr_line' id='line_1_32' title="bbox 171 1781 950 1826; baseline -0.001 -8"><span class='ocrx_word' id='word_1_216' title='bbox 171 1786 354 1818; x_wconf 87' lang='lat' dir='ltr'>terrorem</span> <span class='ocrx_word' id='word_1_217' title='bbox 376 1781 557 1826; x_wconf 81' lang='lat' dir='ltr'>insperati</span> <span class='ocrx_word' id='word_1_218' title='bbox 582 1781 724 1821; x_wconf 80' lang='lat' dir='ltr'>diluvii,</span> <span class='ocrx_word' id='word_1_219' title='bbox 743 1786 777 1817; x_wconf 87' lang='lat' dir='ltr'>et</span> <span class='ocrx_word' id='word_1_220' title='bbox 794 1783 816 1816; x_wconf 86' lang='grc'>11</span> <span class='ocrx_word' id='word_1_221' title='bbox 835 1788 950 1817; x_wconf 71' lang='lat' dir='ltr'>›rtans</span> 
     </span>
     <span class='ocr_line' id='line_1_33' title="bbox 173 1829 948 1874; baseline -0.001 -10"><span class='ocrx_word' id='word_1_222' title='bbox 173 1833 215 1866; x_wconf 89' lang='lat' dir='ltr'>ut</span> <span class='ocrx_word' id='word_1_223' title='bbox 234 1829 445 1874; x_wconf 79' lang='lat' dir='ltr'>vigilemus,</span> <span class='ocrx_word' id='word_1_224' title='bbox 466 1831 502 1863; x_wconf 85' lang='lat' dir='ltr'>et</span> <span class='ocrx_word' id='word_1_225' title='bbox 524 1839 591 1863; x_wconf 81' lang='lat' dir='ltr'>nos</span> <span class='ocrx_word' id='word_1_226' title='bbox 611 1839 867 1874; x_wconf 67' lang='lat' dir='ltr'>praeparemus</span> <span class='ocrx_word' id='word_1_227' title='bbox 891 1830 948 1864; x_wconf 84' lang='lat' dir='ltr'>be-</span> 
     </span>
     <span class='ocr_line' id='line_1_34' title="bbox 171 1875 948 1921; baseline -0.001 -9"><span class='ocrx_word' id='word_1_228' title='bbox 171 1887 218 1912; x_wconf 89' lang='lat' dir='ltr'>ne</span> <span class='ocrx_word' id='word_1_229' title='bbox 245 1876 452 1921; x_wconf 83' lang='lat' dir='ltr'>operando,</span> <span class='ocrx_word' id='word_1_230' title='bbox 475 1886 518 1910; x_wconf 83' lang='lat' dir='ltr'>ne</span> <span class='ocrx_word' id='word_1_231' title='bbox 554 1875 634 1911; x_wconf 85' lang='lat' dir='ltr'>dies</span> <span class='ocrx_word' id='word_1_232' title='bbox 662 1875 809 1911; x_wconf 89' lang='lat' dir='ltr'>Domini</span> <span class='ocrx_word' id='word_1_233' title='bbox 844 1875 948 1911; x_wconf 85' lang='lat' dir='ltr'>inve-</span> 
     </span>
     <span class='ocr_line' id='line_1_35' title="bbox 174 1922 949 1966; baseline 0 -8"><span class='ocrx_word' id='word_1_234' title='bbox 174 1922 252 1958; x_wconf 88' lang='lat' dir='ltr'>niat</span> <span class='ocrx_word' id='word_1_235' title='bbox 287 1933 355 1958; x_wconf 88' lang='lat' dir='ltr'>nos</span> <span class='ocrx_word' id='word_1_236' title='bbox 387 1922 605 1966; x_wconf 72' lang='lat' dir='ltr'>imparatos.</span> <span class='ocrx_word' id='word_1_237' title='bbox 630 1924 667 1957; x_wconf 86' lang='lat' dir='ltr'>ln</span> <span class='ocrx_word' id='word_1_238' title='bbox 699 1924 791 1957; x_wconf 82' lang='lat' dir='ltr'>lianc</span> <span class='ocrx_word' id='word_1_239' title='bbox 822 1926 949 1958; x_wconf 84' lang='lat' dir='ltr'>autem</span> 
     </span>
     <span class='ocr_line' id='line_1_36' title="bbox 175 1969 950 2023; baseline -0.003 -18"><span class='ocrx_word' id='word_1_240' title='bbox 175 1969 495 2023; x_wconf 79' lang='lat' dir='ltr'>comparationem</span> <span class='ocrx_word' id='word_1_241' title='bbox 524 1969 704 2011; x_wconf 70' lang='lat' dir='ltr'>temporis</span> <span class='ocrx_word' id='word_1_242' title='bbox 740 1969 886 2015; x_wconf 69' lang='lat' dir='ltr'>juditii,</span> <span class='ocrx_word' id='word_1_243' title='bbox 916 1975 950 2005; x_wconf 87' lang='lat' dir='ltr'>et</span> 
     </span>
     <span class='ocr_line' id='line_1_37' title="bbox 174 2016 951 2070; baseline -0.001 -18"><span class='ocrx_word' id='word_1_244' title='bbox 174 2017 288 2070; x_wconf 81' lang='lat' dir='ltr'>ipslus</span> <span class='ocrx_word' id='word_1_245' title='bbox 314 2016 456 2059; x_wconf 85' lang='lat' dir='ltr'>diluvii,</span> <span class='ocrx_word' id='word_1_246' title='bbox 490 2016 731 2061; x_wconf 76' lang='lat' dir='ltr'>implicantur</span> <span class='ocrx_word' id='word_1_247' title='bbox 760 2017 833 2052; x_wconf 92' lang='lat' dir='ltr'>duo</span> <span class='ocrx_word' id='word_1_248' title='bbox 855 2016 951 2061; x_wconf 64' lang='lat' dir='ltr'>julli-</span> 
     </span>
     <span class='ocr_line' id='line_1_38' title="bbox 176 2063 949 2110; baseline 0.001 -13"><span class='ocrx_word' id='word_1_249' title='bbox 176 2064 233 2099; x_wconf 77' lang='lat' dir='ltr'>cia</span> <span class='ocrx_word' id='word_1_250' title='bbox 255 2063 472 2110; x_wconf 84' lang='lat' dir='ltr'>generalia·</span> <span class='ocrx_word' id='word_1_251' title='bbox 495 2074 643 2108; x_wconf 63' lang='lat' dir='ltr'>unumq</span> <span class='ocrx_word' id='word_1_252' title='bbox 652 2063 722 2099; x_wconf 89' lang='lat' dir='ltr'>uod</span> <span class='ocrx_word' id='word_1_253' title='bbox 743 2063 949 2108; x_wconf 77' lang='lat' dir='ltr'>praecessit,</span> 
     </span>
     <span class='ocr_line' id='line_1_39' title="bbox 177 2090 950 2155; baseline -0.001 -9"><span class='ocrx_word' id='word_1_254' title='bbox 177 2090 319 2146; x_wconf 82' lang='lat' dir='ltr'>scilicet</span> <span class='ocrx_word' id='word_1_255' title='bbox 344 2121 410 2155; x_wconf 88' lang='lat' dir='ltr'>per</span> <span class='ocrx_word' id='word_1_256' title='bbox 443 2121 579 2155; x_wconf 76' lang='lat' dir='ltr'>aquam</span> <span class='ocrx_word' id='word_1_257' title='bbox 602 2112 637 2145; x_wconf 89' lang='lat' dir='ltr'>in</span> <span class='ocrx_word' id='word_1_258' title='bbox 658 2110 820 2153; x_wconf 87' lang='lat' dir='ltr'>diluvi0;</span> <span class='ocrx_word' id='word_1_259' title='bbox 850 2110 950 2145; x_wconf 81' lang='lat' dir='ltr'>aliud</span> 
     </span>
     <span class='ocr_line' id='line_1_40' title="bbox 175 2156 949 2203; baseline 0 -12"><span class='ocrx_word' id='word_1_260' title='bbox 175 2158 273 2203; x_wconf 79' lang='lat' dir='ltr'>quod</span> <span class='ocrx_word' id='word_1_261' title='bbox 293 2158 457 2192; x_wconf 84' lang='lat' dir='ltr'>futurum</span> <span class='ocrx_word' id='word_1_262' title='bbox 479 2160 547 2200; x_wconf 87' lang='lat' dir='ltr'>est,</span> <span class='ocrx_word' id='word_1_263' title='bbox 578 2156 718 2192; x_wconf 85' lang='lat' dir='ltr'>scilicet</span> <span class='ocrx_word' id='word_1_264' title='bbox 739 2167 804 2202; x_wconf 90' lang='lat' dir='ltr'>per</span> <span class='ocrx_word' id='word_1_265' title='bbox 823 2157 949 2202; x_wconf 80' lang='lat' dir='ltr'>ignem</span> 
     </span>
     <span class='ocr_line' id='line_1_41' title="bbox 176 2203 949 2250; baseline -0.001 -11"><span class='ocrx_word' id='word_1_266' title='bbox 176 2206 213 2240; x_wconf 87' lang='lat' dir='ltr'>in</span> <span class='ocrx_word' id='word_1_267' title='bbox 243 2203 409 2250; x_wconf 80' lang='lat' dir='ltr'>generali</span> <span class='ocrx_word' id='word_1_268' title='bbox 446 2203 634 2239; x_wconf 83' lang='lat' dir='ltr'>incendio.</span> <span class='ocrx_word' id='word_1_269' title='bbox 672 2204 827 2238; x_wconf 81' lang='lat' dir='ltr'>Ponitur</span> <span class='ocrx_word' id='word_1_270' title='bbox 860 2215 949 2247; x_wconf 73' lang='lat' dir='ltr'>ergo</span> 
     </span>
     <span class='ocr_line' id='line_1_42' title="bbox 175 2231 951 2296; baseline -0.003 -9"><span class='ocrx_word' id='word_1_271' title='bbox 175 2254 418 2296; x_wconf 58' lang='lat' dir='ltr'>comparatio,</span> <span class='ocrx_word' id='word_1_272' title='bbox 444 2254 626 2296; x_wconf 82' lang='lat' dir='ltr'>quantum</span> <span class='ocrx_word' id='word_1_273' title='bbox 649 2251 695 2286; x_wconf 89' lang='lat' dir='ltr'>ad</span> <span class='ocrx_word' id='word_1_274' title='bbox 718 2231 951 2285; x_wconf 75' lang='lat' dir='ltr'>incertitudi-</span> 
     </span>
     <span class='ocr_line' id='line_1_43' title="bbox 175 2297 951 2342; baseline 0 -9"><span class='ocrx_word' id='word_1_275' title='bbox 175 2308 260 2333; x_wconf 87' lang='lat' dir='ltr'>nem</span> <span class='ocrx_word' id='word_1_276' title='bbox 283 2299 491 2342; x_wconf 76' lang='lat' dir='ltr'>utriusque,</span> <span class='ocrx_word' id='word_1_277' title='bbox 517 2297 641 2342; x_wconf 87' lang='lat' dir='ltr'>quoad</span> <span class='ocrx_word' id='word_1_278' title='bbox 663 2303 812 2342; x_wconf 89' lang='lat' dir='ltr'>tempus</span> <span class='ocrx_word' id='word_1_279' title='bbox 827 2297 951 2333; x_wconf 89' lang='lat' dir='ltr'>deter-</span> 
     </span>
     <span class='ocr_line' id='line_1_44' title="bbox 177 2343 951 2390; baseline -0.001 -10"><span class='ocrx_word' id='word_1_280' title='bbox 177 2344 376 2386; x_wconf 83' lang='lat' dir='ltr'>minatum,</span> <span class='ocrx_word' id='word_1_281' title='bbox 400 2348 436 2379; x_wconf 91' lang='lat' dir='ltr'>et</span> <span class='ocrx_word' id='word_1_282' title='bbox 457 2346 568 2379; x_wconf 87' lang='lat' dir='ltr'>etiam</span> <span class='ocrx_word' id='word_1_283' title='bbox 596 2345 719 2390; x_wconf 88' lang='lat' dir='ltr'>quoad</span> <span class='ocrx_word' id='word_1_284' title='bbox 750 2343 951 2380; x_wconf 86' lang='lat' dir='ltr'>increduli-</span> 
     </span>
     <span class='ocr_line' id='line_1_45' title="bbox 176 2391 953 2427; baseline 0 -1"><span class='ocrx_word' id='word_1_285' title='bbox 176 2395 292 2427; x_wconf 85' lang='lat' dir='ltr'>tatem</span> <span class='ocrx_word' id='word_1_286' title='bbox 336 2392 538 2426; x_wconf 87' lang='lat' dir='ltr'>multorum</span> <span class='ocrx_word' id='word_1_287' title='bbox 584 2391 805 2426; x_wconf 85' lang='lat' dir='ltr'>carnalium.</span> <span class='ocrx_word' id='word_1_288' title='bbox 852 2392 953 2427; x_wconf 73' lang='lat' dir='ltr'>Sient</span> 
     </span>
     <span class='ocr_line' id='line_1_46' title="bbox 177 2437 952 2480; baseline -0.003 -6"><span class='ocrx_word' id='word_1_289' title='bbox 177 2441 303 2474; x_wconf 88' lang='lat' dir='ltr'>autem</span> <span class='ocrx_word' id='word_1_290' title='bbox 339 2439 377 2472; x_wconf 82' lang='lat' dir='ltr'>in</span> <span class='ocrx_word' id='word_1_291' title='bbox 407 2438 532 2472; x_wconf 68' lang='lat' dir='ltr'>diebus</span> <span class='ocrx_word' id='word_1_292' title='bbox 562 2440 647 2480; x_wconf 83' lang='lat' dir='ltr'>Noe,</span> <span class='ocrx_word' id='word_1_293' title='bbox 668 2449 711 2473; x_wconf 86' lang='lat' dir='ltr'>eo</span> <span class='ocrx_word' id='word_1_294' title='bbox 746 2437 952 2473; x_wconf 77' lang='lat' dir='ltr'>fabricante</span> 
     </span>
     <span class='ocr_line' id='line_1_47' title="bbox 180 2484 955 2528; baseline -0.003 -7"><span class='ocrx_word' id='word_1_295' title='bbox 180 2495 322 2527; x_wconf 85' lang='lat' dir='ltr'>arcam,</span> <span class='ocrx_word' id='word_1_296' title='bbox 342 2488 378 2519; x_wconf 89' lang='lat' dir='ltr'>et</span> <span class='ocrx_word' id='word_1_297' title='bbox 409 2484 633 2528; x_wconf 76' lang='lat' dir='ltr'>praedicante</span> <span class='ocrx_word' id='word_1_298' title='bbox 659 2484 839 2520; x_wconf 88' lang='lat' dir='ltr'>diluvium</span> <span class='ocrx_word' id='word_1_299' title='bbox 862 2486 955 2520; x_wconf 85' lang='lat' dir='ltr'>t&#39;utu—</span> 
     </span>
     <span class='ocr_line' id='line_1_48' title="bbox 174 2532 950 2571; baseline -0.001 -4"><span class='ocrx_word' id='word_1_300' title='bbox 174 2542 272 2571; x_wconf 78' lang='lat' dir='ltr'>rum.</span> <span class='ocrx_word' id='word_1_301' title='bbox 285 2533 340 2566; x_wconf 79' lang='lat' dir='ltr'>ita</span> <span class='ocrx_word' id='word_1_302' title='bbox 355 2532 423 2566; x_wconf 79' lang='lat' dir='ltr'>erit</span> <span class='ocrx_word' id='word_1_303' title='bbox 437 2535 469 2565; x_wconf 88' lang='lat' dir='ltr'>et</span> <span class='ocrx_word' id='word_1_304' title='bbox 486 2532 663 2566; x_wconf 74' lang='lat' dir='ltr'>aduentus</span> <span class='ocrx_word' id='word_1_305' title='bbox 681 2532 766 2566; x_wconf 82' lang='lat' dir='ltr'>Filii</span> <span class='ocrx_word' id='word_1_306' title='bbox 780 2533 950 2566; x_wconf 82' lang='lat' dir='ltr'>hominis.</span> 
     </span>
     <span class='ocr_line' id='line_1_49' title="bbox 180 2578 956 2616; baseline -0.003 -1"><span class='ocrx_word' id='word_1_307' title='bbox 180 2581 286 2616; x_wconf 82' lang='lat' dir='ltr'>Sicut</span> <span class='ocrx_word' id='word_1_308' title='bbox 304 2579 398 2613; x_wconf 86' lang='lat' dir='ltr'>enim</span> <span class='ocrx_word' id='word_1_309' title='bbox 429 2581 532 2613; x_wconf 76' lang='lat' dir='ltr'>erant</span> <span class='ocrx_word' id='word_1_310' title='bbox 550 2579 588 2613; x_wconf 85' lang='lat' dir='ltr'>in</span> <span class='ocrx_word' id='word_1_311' title='bbox 612 2578 738 2613; x_wconf 74' lang='lat' dir='ltr'>diebus</span> <span class='ocrx_word' id='word_1_312' title='bbox 760 2582 844 2614; x_wconf 83' lang='lat' dir='ltr'>ante</span> <span class='ocrx_word' id='word_1_313' title='bbox 862 2579 956 2613; x_wconf 79' lang='lat' dir='ltr'>dilic-</span> 
     </span>
     <span class='ocr_line' id='line_1_50' title="bbox 174 2624 953 2669; baseline -0.001 -8"><span class='ocrx_word' id='word_1_314' title='bbox 174 2628 276 2661; x_wconf 75' lang='lat' dir='ltr'>vium</span> <span class='ocrx_word' id='word_1_315' title='bbox 295 2624 468 2660; x_wconf 76' lang='lat' dir='ltr'>homines</span> <span class='ocrx_word' id='word_1_316' title='bbox 487 2625 705 2660; x_wconf 80' lang='lat' dir='ltr'>comedentes</span> <span class='ocrx_word' id='word_1_317' title='bbox 725 2628 758 2660; x_wconf 85' lang='lat' dir='ltr'>et</span> <span class='ocrx_word' id='word_1_318' title='bbox 780 2626 953 2669; x_wconf 78' lang='lat' dir='ltr'>bibentes,</span> 
     </span>
     <span class='ocr_line' id='line_1_51' title="bbox 178 2672 956 2716; baseline 0 -8"><span class='ocrx_word' id='word_1_319' title='bbox 178 2673 352 2708; x_wconf 82' lang='lat' dir='ltr'>nubentes</span> <span class='ocrx_word' id='word_1_320' title='bbox 389 2675 422 2706; x_wconf 85' lang='lat' dir='ltr'>et</span> <span class='ocrx_word' id='word_1_321' title='bbox 451 2674 586 2716; x_wconf 76' lang='lat' dir='ltr'>nuptui</span> <span class='ocrx_word' id='word_1_322' title='bbox 620 2672 816 2712; x_wconf 82' lang='lat' dir='ltr'>tradentes,</span> <span class='ocrx_word' id='word_1_323' title='bbox 844 2672 880 2707; x_wconf 89' lang='lat' dir='ltr'>id</span> <span class='ocrx_word' id='word_1_324' title='bbox 900 2676 956 2708; x_wconf 91' lang='lat' dir='ltr'>est</span> 
     </span>
     <span class='ocr_line' id='line_1_52' title="bbox 185 2717 955 2765; baseline -0.001 -10"><span class='ocrx_word' id='word_1_325' title='bbox 185 2720 296 2765; x_wconf 80' lang='lat' dir='ltr'>gulae,</span> <span class='ocrx_word' id='word_1_326' title='bbox 317 2722 351 2754; x_wconf 89' lang='lat' dir='ltr'>et</span> <span class='ocrx_word' id='word_1_327' title='bbox 374 2717 560 2762; x_wconf 77' lang='lat' dir='ltr'>ebrietati,</span> <span class='ocrx_word' id='word_1_328' title='bbox 583 2729 626 2753; x_wconf 75' lang='lat' dir='ltr'>a«</span> <span class='ocrx_word' id='word_1_329' title='bbox 647 2718 799 2754; x_wconf 82' lang='lat' dir='ltr'>luxuriae</span> <span class='ocrx_word' id='word_1_330' title='bbox 826 2718 955 2763; x_wconf 85' lang='lat' dir='ltr'>dediti,</span> 
     </span>
     <span class='ocr_line' id='line_1_53' title="bbox 189 2764 957 2811; baseline -0.001 -7"><span class='ocrx_word' id='word_1_331' title='bbox 189 2769 226 2804; x_wconf 87' lang='lat' dir='ltr'>et</span> <span class='ocrx_word' id='word_1_332' title='bbox 246 2766 325 2803; x_wconf 86' lang='lat' dir='ltr'>sine</span> <span class='ocrx_word' id='word_1_333' title='bbox 344 2767 481 2802; x_wconf 88' lang='lat' dir='ltr'>timore</span> <span class='ocrx_word' id='word_1_334' title='bbox 507 2764 740 2804; x_wconf 82' lang='lat' dir='ltr'>lascivientes</span> <span class='ocrx_word' id='word_1_335' title='bbox 758 2767 896 2811; x_wconf 71' lang='lat' dir='ltr'>securi,</span> <span class='ocrx_word' id='word_1_336' title='bbox 924 2770 957 2803; x_wconf 88' lang='lat' dir='ltr'>et</span> 
     </span>
    </p>
   </div>
   <div class='ocr_carea' id='block_1_13' title="bbox 1026 1784 1805 2813">
    <p class='ocr_par' dir='ltr' id='par_1_13' title="bbox 1026 1784 1805 2813">
     <span class='ocr_line' id='line_1_54' title="bbox 1026 1784 1803 1828; baseline 0.001 -11"><span class='ocrx_word' id='word_1_337' title='bbox 1026 1787 1058 1817; x_wconf 83' lang='lat' dir='ltr'>et</span> <span class='ocrx_word' id='word_1_338' title='bbox 1079 1784 1245 1828; x_wconf 70' lang='lat' dir='ltr'>perdidit</span> <span class='ocrx_word' id='word_1_339' title='bbox 1267 1794 1399 1823; x_wconf 82' lang='lat' dir='ltr'>omnes,</span> <span class='ocrx_word' id='word_1_340' title='bbox 1423 1787 1557 1828; x_wconf 78' lang='lat' dir='ltr'>praeter</span> <span class='ocrx_word' id='word_1_341' title='bbox 1572 1785 1647 1818; x_wconf 85' lang='lat' dir='ltr'>Noe</span> <span class='ocrx_word' id='word_1_342' title='bbox 1669 1787 1803 1818; x_wconf 87' lang='lat' dir='ltr'>etcum</span> 
     </span>
     <span class='ocr_line' id='line_1_55' title="bbox 1027 1830 1804 1873; baseline 0 -7"><span class='ocrx_word' id='word_1_343' title='bbox 1027 1842 1069 1866; x_wconf 89' lang='lat' dir='ltr'>eo</span> <span class='ocrx_word' id='word_1_344' title='bbox 1094 1830 1132 1865; x_wconf 87' lang='lat' dir='ltr'>in</span> <span class='ocrx_word' id='word_1_345' title='bbox 1160 1841 1247 1865; x_wconf 88' lang='lat' dir='ltr'>arca</span> <span class='ocrx_word' id='word_1_346' title='bbox 1272 1830 1489 1873; x_wconf 43' lang='lat' dir='ltr'>existentem</span> <span class='ocrx_word' id='word_1_347' title='bbox 1513 1830 1708 1865; x_wconf 72' lang='lat' dir='ltr'>secundum</span> <span class='ocrx_word' id='word_1_348' title='bbox 1733 1831 1804 1866; x_wconf 78' lang='lat' dir='ltr'>haec</span> 
     </span>
     <span class='ocr_line' id='line_1_56' title="bbox 1026 1878 1802 1921; baseline -0.001 -9"><span class='ocrx_word' id='word_1_349' title='bbox 1026 1879 1094 1912; x_wconf 80' lang='lat' dir='ltr'>erit</span> <span class='ocrx_word' id='word_1_350' title='bbox 1112 1888 1185 1921; x_wconf 76' lang='lat' dir='ltr'>qua</span> <span class='ocrx_word' id='word_1_351' title='bbox 1215 1878 1273 1912; x_wconf 74' lang='lat' dir='ltr'>(lie</span> <span class='ocrx_word' id='word_1_352' title='bbox 1292 1879 1409 1912; x_wconf 77' lang='lat' dir='ltr'>Filius</span> <span class='ocrx_word' id='word_1_353' title='bbox 1443 1878 1598 1912; x_wconf 79' lang='lat' dir='ltr'>hominis</span> <span class='ocrx_word' id='word_1_354' title='bbox 1626 1878 1802 1912; x_wconf 76' lang='lat' dir='ltr'>revelabi-</span> 
     </span>
     <span class='ocr_line' id='line_1_57' title="bbox 1027 1923 1802 1968; baseline 0 -9"><span class='ocrx_word' id='word_1_355' title='bbox 1027 1929 1099 1967; x_wconf 74' lang='lat' dir='ltr'>tur,</span> <span class='ocrx_word' id='word_1_356' title='bbox 1121 1924 1157 1959; x_wconf 86' lang='lat' dir='ltr'>id</span> <span class='ocrx_word' id='word_1_357' title='bbox 1185 1928 1241 1959; x_wconf 88' lang='lat' dir='ltr'>est</span> <span class='ocrx_word' id='word_1_358' title='bbox 1267 1923 1317 1959; x_wconf 89' lang='lat' dir='ltr'>sic</span> <span class='ocrx_word' id='word_1_359' title='bbox 1350 1927 1386 1959; x_wconf 92' lang='lat' dir='ltr'>et</span> <span class='ocrx_word' id='word_1_360' title='bbox 1421 1923 1520 1959; x_wconf 85' lang='lat' dir='ltr'>circa</span> <span class='ocrx_word' id='word_1_361' title='bbox 1549 1923 1646 1959; x_wconf 79' lang='lat' dir='ltr'>cliem</span> <span class='ocrx_word' id='word_1_362' title='bbox 1671 1923 1802 1968; x_wconf 63' lang='lat' dir='ltr'>judicii</span> 
     </span>
     <span class='ocr_line' id='line_1_58' title="bbox 1028 1970 1800 2015; baseline 0 -9"><span class='ocrx_word' id='word_1_363' title='bbox 1028 1970 1240 2006; x_wconf 80' lang='lat' dir='ltr'>hominibus</span> <span class='ocrx_word' id='word_1_364' title='bbox 1277 1970 1494 2006; x_wconf 83' lang='lat' dir='ltr'>vacantibus</span> <span class='ocrx_word' id='word_1_365' title='bbox 1530 1971 1800 2015; x_wconf 82' lang='lat' dir='ltr'>voluptatibus,</span> 
     </span>
     <span class='ocr_line' id='line_1_59' title="bbox 1027 2017 1802 2060; baseline -0.001 -7"><span class='ocrx_word' id='word_1_366' title='bbox 1027 2021 1062 2053; x_wconf 85' lang='lat' dir='ltr'>et</span> <span class='ocrx_word' id='word_1_367' title='bbox 1092 2017 1332 2060; x_wconf 78' lang='lat' dir='ltr'>vanitatibus,</span> <span class='ocrx_word' id='word_1_368' title='bbox 1353 2028 1395 2052; x_wconf 80' lang='lat' dir='ltr'>ac</span> <span class='ocrx_word' id='word_1_369' title='bbox 1425 2017 1462 2052; x_wconf 87' lang='lat' dir='ltr'>in</span> <span class='ocrx_word' id='word_1_370' title='bbox 1495 2017 1694 2052; x_wconf 78' lang='lat' dir='ltr'>securitate</span> <span class='ocrx_word' id='word_1_371' title='bbox 1724 2017 1802 2053; x_wconf 83' lang='lat' dir='ltr'>exi-</span> 
     </span>
     <span class='ocr_line' id='line_1_60' title="bbox 1028 2063 1801 2107; baseline 0 -8"><span class='ocrx_word' id='word_1_372' title='bbox 1028 2063 1224 2105; x_wconf 79' lang='lat' dir='ltr'>stentibus,</span> <span class='ocrx_word' id='word_1_373' title='bbox 1242 2068 1278 2099; x_wconf 91' lang='lat' dir='ltr'>et</span> <span class='ocrx_word' id='word_1_374' title='bbox 1297 2066 1341 2099; x_wconf 70' lang='lat' dir='ltr'>ile</span> <span class='ocrx_word' id='word_1_375' title='bbox 1363 2064 1465 2099; x_wconf 89' lang='lat' dir='ltr'>nullo</span> <span class='ocrx_word' id='word_1_376' title='bbox 1487 2063 1719 2107; x_wconf 86' lang='lat' dir='ltr'>timentibus,</span> <span class='ocrx_word' id='word_1_377' title='bbox 1736 2064 1801 2100; x_wconf 89' lang='lat' dir='ltr'>ad-</span> 
     </span>
     <span class='ocr_line' id='line_1_61' title="bbox 1029 2110 1805 2155; baseline 0.001 -10"><span class='ocrx_word' id='word_1_378' title='bbox 1029 2116 1164 2146; x_wconf 87' lang='lat' dir='ltr'>ventus</span> <span class='ocrx_word' id='word_1_379' title='bbox 1182 2110 1317 2146; x_wconf 88' lang='lat' dir='ltr'>Christi</span> <span class='ocrx_word' id='word_1_380' title='bbox 1339 2112 1460 2146; x_wconf 88' lang='lat' dir='ltr'>subito</span> <span class='ocrx_word' id='word_1_381' title='bbox 1482 2115 1518 2145; x_wconf 92' lang='lat' dir='ltr'>et</span> <span class='ocrx_word' id='word_1_382' title='bbox 1540 2110 1728 2155; x_wconf 67' lang='lat' dir='ltr'>imperate</span> <span class='ocrx_word' id='word_1_383' title='bbox 1745 2122 1805 2146; x_wconf 91' lang='lat' dir='ltr'>ve-</span> 
     </span>
     <span class='ocr_line' id='line_1_62' title="bbox 1028 2158 1805 2203; baseline 0.001 -11"><span class='ocrx_word' id='word_1_384' title='bbox 1028 2159 1125 2201; x_wconf 78' lang='lat' dir='ltr'>niet3</span> <span class='ocrx_word' id='word_1_385' title='bbox 1163 2162 1199 2192; x_wconf 91' lang='lat' dir='ltr'>et</span> <span class='ocrx_word' id='word_1_386' title='bbox 1231 2168 1361 2193; x_wconf 89' lang='lat' dir='ltr'>omnes</span> <span class='ocrx_word' id='word_1_387' title='bbox 1389 2168 1480 2202; x_wconf 85' lang='lat' dir='ltr'>quos</span> <span class='ocrx_word' id='word_1_388' title='bbox 1509 2158 1671 2203; x_wconf 85' lang='lat' dir='ltr'>reperiet</span> <span class='ocrx_word' id='word_1_389' title='bbox 1701 2163 1805 2193; x_wconf 84' lang='lat' dir='ltr'>extra</span> 
     </span>
     <span class='ocr_line' id='line_1_63' title="bbox 1029 2203 1803 2250; baseline -0.001 -10"><span class='ocrx_word' id='word_1_390' title='bbox 1029 2215 1168 2248; x_wconf 83' lang='lat' dir='ltr'>arcam,</span> <span class='ocrx_word' id='word_1_391' title='bbox 1195 2203 1231 2239; x_wconf 91' lang='lat' dir='ltr'>id</span> <span class='ocrx_word' id='word_1_392' title='bbox 1270 2208 1327 2239; x_wconf 87' lang='lat' dir='ltr'>est</span> <span class='ocrx_word' id='word_1_393' title='bbox 1351 2208 1453 2239; x_wconf 79' lang='lat' dir='ltr'>extra</span> <span class='ocrx_word' id='word_1_394' title='bbox 1479 2205 1696 2248; x_wconf 80' lang='lat' dir='ltr'>Ecclesiam,</span> <span class='ocrx_word' id='word_1_395' title='bbox 1718 2214 1803 2250; x_wconf 89' lang='lat' dir='ltr'>per-</span> 
     </span>
     <span class='ocr_line' id='line_1_64' title="bbox 1029 2250 1804 2293; baseline 0.001 -7"><span class='ocrx_word' id='word_1_396' title='bbox 1029 2252 1091 2286; x_wconf 86' lang='lat' dir='ltr'>det</span> <span class='ocrx_word' id='word_1_397' title='bbox 1117 2256 1153 2287; x_wconf 87' lang='lat' dir='ltr'>et</span> <span class='ocrx_word' id='word_1_398' title='bbox 1184 2250 1468 2293; x_wconf 74' lang='lat' dir='ltr'>conclemnabit;</span> <span class='ocrx_word' id='word_1_399' title='bbox 1492 2251 1556 2286; x_wconf 87' lang='lat' dir='ltr'>sed</span> <span class='ocrx_word' id='word_1_400' title='bbox 1580 2252 1616 2285; x_wconf 89' lang='lat' dir='ltr'>in</span> <span class='ocrx_word' id='word_1_401' title='bbox 1640 2251 1804 2287; x_wconf 78' lang='lat' dir='ltr'>Ecclesia</span> 
     </span>
     <span class='ocr_line' id='line_1_65' title="bbox 1027 2298 1804 2344; baseline -0.001 -11"><span class='ocrx_word' id='word_1_402' title='bbox 1027 2309 1094 2344; x_wconf 85' lang='lat' dir='ltr'>per</span> <span class='ocrx_word' id='word_1_403' title='bbox 1114 2298 1223 2333; x_wconf 76' lang='lat' dir='ltr'>tidem</span> <span class='ocrx_word' id='word_1_404' title='bbox 1257 2301 1293 2333; x_wconf 93' lang='lat' dir='ltr'>et</span> <span class='ocrx_word' id='word_1_405' title='bbox 1325 2299 1581 2343; x_wconf 73' lang='lat' dir='ltr'>operationem</span> <span class='ocrx_word' id='word_1_406' title='bbox 1602 2298 1804 2332; x_wconf 82' lang='lat' dir='ltr'>existentes</span> 
     </span>
     <span class='ocr_line' id='line_1_66' title="bbox 1029 2343 1804 2388; baseline -0.001 -8"><span class='ocrx_word' id='word_1_407' title='bbox 1029 2344 1215 2380; x_wconf 85' lang='lat' dir='ltr'>custodiet</span> <span class='ocrx_word' id='word_1_408' title='bbox 1249 2347 1283 2379; x_wconf 87' lang='lat' dir='ltr'>ct</span> <span class='ocrx_word' id='word_1_409' title='bbox 1311 2343 1483 2379; x_wconf 58' lang='lat' dir='ltr'>salvabit,</span> <span class='ocrx_word' id='word_1_410' title='bbox 1509 2357 1525 2377; x_wconf 89' lang='lat'>«</span> <span class='ocrx_word' id='word_1_411' title='bbox 1550 2345 1628 2379; x_wconf 88' lang='lat' dir='ltr'>Non</span> <span class='ocrx_word' id='word_1_412' title='bbox 1666 2344 1739 2388; x_wconf 78' lang='lat' dir='ltr'>llic,</span> <span class='ocrx_word' id='word_1_413' title='bbox 1763 2350 1804 2379; x_wconf 87' lang='lat' dir='ltr'>ut</span> 
     </span>
     <span class='ocr_line' id='line_1_67' title="bbox 1029 2390 1805 2436; baseline -0.001 -9"><span class='ocrx_word' id='word_1_414' title='bbox 1029 2391 1118 2427; x_wconf 71' lang='lat' dir='ltr'>dicit</span> <span class='ocrx_word' id='word_1_415' title='bbox 1155 2392 1263 2433; x_wconf 71' lang='lat' dir='ltr'>Beda,</span> <span class='ocrx_word' id='word_1_416' title='bbox 1298 2391 1486 2436; x_wconf 79' lang='lat' dir='ltr'>conjugia,</span> <span class='ocrx_word' id='word_1_417' title='bbox 1526 2390 1583 2425; x_wconf 91' lang='lat' dir='ltr'>vel</span> <span class='ocrx_word' id='word_1_418' title='bbox 1620 2390 1805 2426; x_wconf 83' lang='lat' dir='ltr'>allmenta</span> 
     </span>
     <span class='ocr_line' id='line_1_68' title="bbox 1030 2436 1802 2480; baseline 0 -7"><span class='ocrx_word' id='word_1_419' title='bbox 1030 2439 1279 2480; x_wconf 76' lang='lat' dir='ltr'>damnantur3</span> <span class='ocrx_word' id='word_1_420' title='bbox 1303 2437 1369 2472; x_wconf 93' lang='lat' dir='ltr'>sed</span> <span class='ocrx_word' id='word_1_421' title='bbox 1392 2437 1662 2472; x_wconf 83' lang='lat' dir='ltr'>immoderatus</span> <span class='ocrx_word' id='word_1_422' title='bbox 1682 2436 1802 2473; x_wconf 88' lang='lat' dir='ltr'>licito-</span> 
     </span>
     <span class='ocr_line' id='line_1_69' title="bbox 1031 2483 1804 2529; baseline -0.001 -9"><span class='ocrx_word' id='word_1_423' title='bbox 1031 2495 1112 2521; x_wconf 88' lang='lat' dir='ltr'>rum</span> <span class='ocrx_word' id='word_1_424' title='bbox 1134 2495 1221 2520; x_wconf 86' lang='lat' dir='ltr'>usus</span> <span class='ocrx_word' id='word_1_425' title='bbox 1240 2483 1420 2528; x_wconf 78' lang='lat' dir='ltr'>arguitur.</span> <span class='ocrx_word' id='word_1_426' title='bbox 1445 2485 1571 2528; x_wconf 72' lang='lat' dir='ltr'>Neque</span> <span class='ocrx_word' id='word_1_427' title='bbox 1592 2483 1693 2518; x_wconf 89' lang='lat' dir='ltr'>enim</span> <span class='ocrx_word' id='word_1_428' title='bbox 1716 2483 1804 2529; x_wconf 87' lang='lat' dir='ltr'>quia</span> 
     </span>
     <span class='ocr_line' id='line_1_70' title="bbox 1031 2530 1803 2575; baseline -0.003 -8"><span class='ocrx_word' id='word_1_429' title='bbox 1031 2533 1109 2567; x_wconf 79' lang='lat' dir='ltr'>liaec</span> <span class='ocrx_word' id='word_1_430' title='bbox 1129 2532 1303 2572; x_wconf 65' lang='lat' dir='ltr'>awebani</span> <span class='ocrx_word' id='word_1_431' title='bbox 1325 2530 1388 2566; x_wconf 76' lang='lat' dir='ltr'>sed</span> <span class='ocrx_word' id='word_1_432' title='bbox 1422 2530 1507 2575; x_wconf 76' lang='lat' dir='ltr'>quia</span> <span class='ocrx_word' id='word_1_433' title='bbox 1538 2530 1596 2565; x_wconf 86' lang='lat' dir='ltr'>his</span> <span class='ocrx_word' id='word_1_434' title='bbox 1638 2540 1676 2565; x_wconf 91' lang='lat' dir='ltr'>se</span> <span class='ocrx_word' id='word_1_435' title='bbox 1707 2534 1803 2566; x_wconf 83' lang='lat' dir='ltr'>totos</span> 
     </span>
     <span class='ocr_line' id='line_1_71' title="bbox 1030 2577 1802 2623; baseline -0.003 -9"><span class='ocrx_word' id='word_1_436' title='bbox 1030 2578 1200 2614; x_wconf 86' lang='lat' dir='ltr'>dedendo</span> <span class='ocrx_word' id='word_1_437' title='bbox 1232 2577 1297 2613; x_wconf 78' lang='lat' dir='ltr'>Dei</span> <span class='ocrx_word' id='word_1_438' title='bbox 1322 2577 1464 2623; x_wconf 86' lang='lat' dir='ltr'>judicia</span> <span class='ocrx_word' id='word_1_439' title='bbox 1498 2577 1802 2621; x_wconf 85' lang='lat' dir='ltr'>contemnebant,</span> 
     </span>
     <span class='ocr_line' id='line_1_72' title="bbox 1031 2624 1804 2671; baseline -0.005 -9"><span class='ocrx_word' id='word_1_440' title='bbox 1031 2636 1127 2671; x_wconf 84' lang='lat' dir='ltr'>aqua</span> <span class='ocrx_word' id='word_1_441' title='bbox 1157 2635 1281 2670; x_wconf 80' lang='lat' dir='ltr'>periei</span> <span class='ocrx_word' id='word_1_442' title='bbox 1286 2627 1379 2659; x_wconf 87' lang='lat' dir='ltr'>unt</span> <span class='ocrx_word' id='word_1_443' title='bbox 1407 2637 1423 2657; x_wconf 84' lang='lat'>»</span> <span class='ocrx_word' id='word_1_444' title='bbox 1446 2625 1525 2659; x_wconf 84' lang='lat' dir='ltr'>haec</span> <span class='ocrx_word' id='word_1_445' title='bbox 1546 2624 1804 2659; x_wconf 83' lang='lat' dir='ltr'>Beda.1ntet·-</span> 
     </span>
     <span class='ocr_line' id='line_1_73' title="bbox 1031 2670 1802 2723; baseline -0.003 -15"><span class='ocrx_word' id='word_1_446' title='bbox 1031 2672 1103 2708; x_wconf 87' lang='lat' dir='ltr'>itus</span> <span class='ocrx_word' id='word_1_447' title='bbox 1119 2671 1268 2723; x_wconf 87' lang='lat' dir='ltr'>quidem</span> <span class='ocrx_word' id='word_1_448' title='bbox 1287 2670 1435 2706; x_wconf 88' lang='lat' dir='ltr'>illorum</span> <span class='ocrx_word' id='word_1_449' title='bbox 1463 2674 1544 2706; x_wconf 77' lang='lat' dir='ltr'>erat</span> <span class='ocrx_word' id='word_1_450' title='bbox 1568 2671 1802 2713; x_wconf 86' lang='lat' dir='ltr'>subitaneus,</span> 
     </span>
     <span class='ocr_line' id='line_1_74' title="bbox 1032 2716 1805 2764; baseline -0.004 -9"><span class='ocrx_word' id='word_1_451' title='bbox 1032 2730 1108 2755; x_wconf 88' lang='lat' dir='ltr'>non</span> <span class='ocrx_word' id='word_1_452' title='bbox 1129 2729 1212 2764; x_wconf 82' lang='lat' dir='ltr'>quia</span> <span class='ocrx_word' id='word_1_453' title='bbox 1226 2721 1311 2753; x_wconf 89' lang='lat' dir='ltr'>ante</span> <span class='ocrx_word' id='word_1_454' title='bbox 1324 2716 1478 2753; x_wconf 90' lang='lat' dir='ltr'>minime</span> <span class='ocrx_word' id='word_1_455' title='bbox 1498 2719 1715 2760; x_wconf 86' lang='lat' dir='ltr'>nuntiatus;</span> <span class='ocrx_word' id='word_1_456' title='bbox 1739 2717 1805 2753; x_wconf 89' lang='lat' dir='ltr'>sed</span> 
     </span>
     <span class='ocr_line' id='line_1_75' title="bbox 1032 2764 1803 2813; baseline -0.003 -11"><span class='ocrx_word' id='word_1_457' title='bbox 1032 2765 1162 2813; x_wconf 85' lang='lat' dir='ltr'>quiaa</span> <span class='ocrx_word' id='word_1_458' title='bbox 1185 2764 1287 2802; x_wconf 86' lang='lat' dir='ltr'>nullo</span> <span class='ocrx_word' id='word_1_459' title='bbox 1321 2765 1499 2802; x_wconf 88' lang='lat' dir='ltr'>creditus.</span> <span class='ocrx_word' id='word_1_460' title='bbox 1536 2765 1639 2801; x_wconf 86' lang='lat' dir='ltr'>Unde</span> <span class='ocrx_word' id='word_1_461' title='bbox 1674 2765 1803 2800; x_wconf 69' lang='lat' dir='ltr'>Mami·-</span> 
     </span>
    </p>
   </div>
   <div class='ocr_carea' id='block_1_14' title="bbox 1890 277 1898 390">
    <p class='ocr_par' dir='ltr' id='par_1_14' title="bbox 1890 277 1898 390">
     <span class='ocr_line' id='line_1_76' title="bbox 1890 277 1898 390; textangle 90"><span class='ocrx_word' id='word_1_462' title='bbox 1890 326 1898 390; x_wconf 24' lang='grc' dir='ltr'>*φή</span> <span class='ocrx_word' id='word_1_463' title='bbox 1891 300 1896 318; x_wconf 56' lang='grc'>.-;</span> <span class='ocrx_word' id='word_1_464' title='bbox 1891 277 1894 289; x_wconf 99' lang='grc'>-</span> 
     </span>
    </p>
   </div>
  </div>
 </body>
</html>
