1907 3139
347 162 401 197 DE
440 163 646 198 SERMONE
684 166 733 198 ET
770 162 995 198 ORATIONE
1035 163 1193 199 DOMINI
1233 163 1276 195 IN

85 233 157 284 est,
179 234 216 267 et
236 234 363 269 omnia
380 244 496 270 unum
512 237 745 281 praeceptum
762 238 859 271 sunt.

86 279 275 331 Quidquid
306 280 407 317 enim
436 282 676 327 praecipitur,
711 283 747 318 in
782 283 862 319 sola

85 330 241 379 caritate
264 328 457 364 solidatur.
479 330 594 365 Multa
612 333 698 365 sunt
717 341 785 376 per
809 330 860 366 di-

83 377 300 410 ver51tatem
337 376 475 421 operis,
500 388 616 412 unum
654 377 692 412 in
734 378 859 414 radice

84 420 310 474 dilectionis.
334 424 378 458 Et
409 424 520 469 plura
542 424 616 460 alia
644 425 860 471 hujusmodi

84 467 326 505 dilectionem
348 471 546 508 incitantia
564 474 745 507 Dominus
764 472 862 508 dice-

85 515 163 568 bat,
188 526 272 561 quae
289 519 455 554 Joannes
476 519 535 555 hic
557 519 789 566 conscripsit.
810 521 861 556 De

85 562 284 600 dilectione
311 565 478 602 fraterna
508 567 633 602 nullus
661 567 861 612 Apostolo-

85 620 169 645 rum
189 613 336 648 tantum
356 614 523 659 loquitur
543 619 728 660 quantum
746 616 860 650 Joan-

85 668 167 701 neS,
189 663 225 694 et
244 659 304 695 hic
324 664 361 696 et
382 661 418 696 in
441 661 610 707 epistolis
636 662 725 697 suis.
757 662 861 703 Legi-

86 709 147 740 tur
165 706 277 742 etiam
301 708 344 743 de
365 719 409 743 eo
429 710 529 754 quod
545 709 621 755 jam
643 720 753 745 senex
774 710 860 745 effe-

87 756 167 805 ctus
188 755 411 799 portabatur
428 756 475 791 ad
491 756 690 792 ecclesiam
712 768 733 792 a
753 756 863 792 disci-

86 800 182 844 pulis
209 801 299 846 suis,
325 805 363 837 ut
388 803 518 839 fideles
538 803 756 847 instrueret,
780 804 863 850 qui-

85 847 154 883 hus
173 848 243 884 hoc
260 851 523 887 tantummodo
538 852 685 887 dicebat
701 863 709 886 2
725 852 862 894 Filz'oli,

86 895 256 947 diliqatis
267 899 433 941 invicem,
445 902 479 934 et
490 898 527 933 in
541 900 609 934 boc
619 902 674 934 est
684 898 864 944 perfectio

87 942 294 988 disciplinae
321 945 558 981 Christianae.
593 946 698 982 Unde
728 945 865 981 dicitur

86 990 299 1035 specialiter
317 1003 339 1028 a
354 994 430 1028 Deo
450 993 624 1036 dilectus,
644 1004 719 1028 non
739 993 863 1028 solum

85 1041 240 1090 propter
263 1039 501 1085 privilegium
526 1040 769 1086 virginitatis,
799 1041 865 1076 sed

86 1088 199 1121 etiam
218 1090 373 1133 propter
385 1087 658 1134 specialitatem
679 1087 863 1123 caritatis.

103 1179 110 1186 ⁵
133 1135 153 1168 8
175 1135 427 1171 MANDATORUM
448 1147 684 1171 onsnnvArio.
708 1155 751 1161 —-
775 1136 864 1171 Ter-

85 1184 153 1224 tio,
175 1181 274 1217 circa
298 1193 514 1218 sermonem
539 1182 747 1227 mediteris,
770 1193 864 1228 quo-

88 1228 198 1264 modo
216 1229 364 1265 monuit
382 1230 584 1276 discipulos
604 1230 651 1266 ad
667 1231 868 1266 observan-

86 1275 177 1311 tiam
189 1278 451 1313 mandatorum
465 1278 774 1322 suorum,d1ccns
797 1289 805 1313 ε
826 1279 867 1313 Si

87 1324 246 1368 diligitis
263 1326 511 1363 inemendata
525 1336 602 1360 mea
624 1329 777 1363 servate.
801 1324 869 1360 im-

87 1371 223 1416 plendo
245 1382 290 1407 ea
310 1372 422 1416 facto,
450 1377 487 1408 et
508 1383 634 1419 opere.
663 1372 773 1416 Quasi
803 1372 867 1407 di—

88 1422 189 1454 ceret
210 1430 219 1454 2
238 1421 319 1455 Non
341 1420 547 1456 ostendatis
566 1431 735 1456 amorem
755 1430 867 1464 quem

86 1466 235 1502 habetis
255 1467 303 1502 ad
326 1478 385 1503 me
405 1468 493 1503 fletu
507 1467 643 1510 solum,
662 1468 727 1503 sed
747 1478 814 1513 per
832 1477 867 1502 o-

89 1513 317 1550 bedientiam
334 1516 613 1551 mandatorum.
631 1517 670 1550 ln
686 1516 755 1550 hoc
768 1513 867 1550 enim

87 1561 218 1596 mundi
243 1562 355 1608 hujus
376 1565 583 1608 potestates
607 1573 693 1598 suos
724 1562 868 1597 amicos

87 1612 123 1645 et
153 1608 282 1645 fideles
310 1611 474 1655 probant
503 1615 540 1645 et
569 1612 813 1655 cognoscunt,
837 1609 867 1644 si

86 1655 141 1692 eis
168 1656 363 1700 obediunt,
385 1660 422 1692 et
443 1667 574 1692 eorum
596 1657 774 1692 mandata
796 1668 868 1692 cu—

88 1704 270 1749 stodiunt,
287 1704 391 1749 quia,
411 1704 620 1740 secundum
638 1705 866 1748 Greqorium,

86 1751 259 1798 probatio
280 1751 492 1787 dilectionis
507 1751 684 1787 exhibitio
704 1756 761 1787 est
784 1761 870 1796 ope-

87 1799 153 1834 ris.
176 1800 220 1834 Et
251 1798 385 1834 iteruin
413 1810 420 1834 :
444 1800 515 1842 Qui
549 1799 655 1834 habet
689 1799 868 1833 mandata

87 1857 167 1881 mea
194 1850 227 1881 et
251 1850 373 1882 servat
399 1857 452 1888 ea,
482 1848 546 1881 ille
572 1850 624 1881 est
651 1848 716 1891 qui
742 1847 870 1889 diliqit

33 1933 37 1937 ,
87 1904 155 1935 me,
177 1893 319 1929 scilicet
346 1904 459 1938 opere
482 1897 517 1929 et
540 1893 712 1937 veritate,
736 1897 771 1929 et
793 1904 868 1928 non

88 1943 235 1977 tantum
266 1941 395 1987 lingua
422 1944 457 1977 et
484 1952 671 1985 sermone,
693 1942 763 1976 hoc
784 1944 838 1976 est
858 1952 865 1976 :

88 1987 152 2025 ille
172 1989 287 2024 habet
308 1999 434 2024 veram
456 1988 697 2024 dilectionem
721 1988 769 2024 ad
795 1999 867 2023 me.

89 2035 159 2072 Ubi
177 2038 410 2081 Auqustinus
430 2049 439 2071 :
461 2050 479 2068 «
499 2036 567 2079 Qui
588 2037 701 2071 habet
724 2035 762 2070 in
784 2046 869 2071 me-

91 2082 224 2126 moria,
245 2087 282 2119 et
303 2087 427 2119 servat
445 2082 482 2119 in
498 2083 594 2127 vita3
616 2083 677 2129 qui
696 2084 810 2119 babet
832 2082 869 2117 in

91 2130 346 2175 sermonibus,
379 2135 416 2166 et
443 2135 570 2167 servat
608 2133 642 2165 in
673 2130 866 2173 moribus3

91 2178 154 2224 qui
173 2179 288 2214 habet
307 2178 510 2219 audiendo,
535 2182 571 2214 et
589 2182 729 2221 servat,
744 2188 872 2223 perse-

91 2226 258 2261 verando
288 2238 296 2261 :
329 2228 392 2261 ilie
409 2230 475 2268 est,
499 2225 634 2271 inquit,
655 2227 719 2270 qui
741 2226 871 2268 diligit

91 2283 157 2308 me.
181 2273 303 2319 Opere
316 2278 373 2309 est
393 2273 691 2309 demonstranda
706 2272 871 2316 dilectio,

92 2331 138 2356 ne
160 2321 207 2356 sit
240 2320 475 2357 infructuosa
510 2320 670 2355 nominis
704 2319 871 2365 appella-

93 2368 158 2403 tio.
185 2381 202 2399 »
227 2368 333 2404 Unde
352 2372 389 2404 et
410 2368 503 2403 illud
526 2368 682 2403 Joannis
706 2378 713 2402 :
737 2367 873 2410 Ouidi-

93 2417 142 2451 cit
161 2417 249 2460 quia
260 2416 387 2459 diliyit
406 2418 531 2456 Deum,
549 2419 580 2450 et
600 2415 776 2450 mandata
795 2414 872 2458 ejus

93 2474 165 2498 non
177 2463 348 2507 custodit,
371 2463 532 2498 mendam
556 2466 620 2498 est.
645 2464 688 2497 Et
708 2463 843 2497 iterum
863 2472 871 2497 :

98 2663 165 2696 ea,
190 2651 281 2698 quia
298 2652 512 2689 obedientia
530 2652 697 2698 procedit
717 2662 759 2686 ex
778 2661 879 2686 amo-

98 2710 153 2743 re,
174 2700 237 2745 qui
258 2705 314 2735 est
334 2699 372 2734 in
393 2700 520 2735 corde.
542 2701 763 2735 Sermonem
787 2708 876 2743 ergo

1315 164 1454 197 CURNA.
1660 163 1718 196 357

935 245 1017 281 quae
1038 232 1223 279 promisit.
1237 232 1306 276 Qui
1322 236 1448 269 autem
1471 235 1585 271 verba
1606 237 1713 271 tenet

933 293 1001 329 per
1023 280 1260 324 memoriam,
1290 283 1325 315 et
1346 291 1423 316 non
1451 282 1617 318 cobaeret
1637 281 1712 317 illis

932 340 1000 376 per
1024 328 1294 371 obedientiam,
1318 338 1390 363 non
1415 332 1502 363 sunt
1525 329 1558 365 ei
1586 329 1625 365 in
1652 330 1714 365 be-

932 376 1124 419 neficium,
1147 375 1212 411 sed
1247 376 1285 410 in
1323 375 1580 412 damnationis
1608 376 1711 412 testi-

935 424 1115 459 mouium.
1133 424 1238 460 Unde
1258 422 1310 457 ait
1332 423 1528 466 Gregorius
1549 437 1558 458 .·
1581 438 1598 456 «
1618 425 1714 459 Vere

935 471 1138 517 diligimus,
1166 472 1195 505 si
1218 481 1239 506 a
1262 469 1398 505 nostris
1424 482 1489 505 uos
1512 471 1715 516 voluptati-

936 520 1004 554 bus
1030 521 1276 554 coarctamus.
1300 519 1391 553 Nam
1414 518 1475 563 qui
1505 518 1628 554 adhuc
1648 528 1715 563 per

935 565 1065 601 illicita
1087 565 1276 602 desideria
1287 564 1434 609 defluit,
1456 566 1572 600 Deum
1592 566 1714 611 profc-

935 618 994 649 cto
1016 624 1091 649 non
1118 616 1240 656 amat3
1265 612 1353 657 quia
1374 611 1405 647 ei
1433 611 1471 647 in
1499 623 1567 648 sua
1588 612 1718 647 volun-

937 664 1012 696 tate
1035 660 1270 696 contradicit.
1296 660 1359 695 llle
1381 670 1471 705 ergo
1490 670 1578 695 vere
1601 664 1716 703 amat,

938 709 994 754 cuj
1003 719 1043 743 us
1066 707 1238 743 videlicet
1251 710 1413 743 mentem
1428 706 1629 743 delectatio
1641 717 1719 752 pra-

937 766 995 795 va,
1030 767 1072 791 ex
1099 766 1283 791 consensu
1317 765 1393 790 non
1415 758 1579 801 superat.
1609 755 1717 798 Nam,

937 806 1043 838 tanto
1071 802 1228 848 quisque
1250 814 1270 837 a
1293 812 1456 847 superno
1488 812 1618 837 amore
1643 801 1718 837 dis-

934 849 1127 896 jungitur,
1172 854 1312 895 quanto
1351 849 1509 885 iuferius
1548 849 1719 885 delecta-

938 901 999 933 tur
1020 909 1028 932 z
1054 912 1066 929 υ
1089 899 1167 933 baec
1189 898 1397 941 Greqmius.
1423 899 1466 932 Et
1486 896 1623 932 iterum
1645 908 1653 931 ε
1677 897 1719 932 Si

935 948 1118 991 praecepta
1145 955 1223 980 mea
1254 947 1500 985 servaveritis,
1523 945 1720 979 manebitis

939 994 978 1027 in
1001 993 1195 1027 dilectione
1206 1003 1297 1035 mea,
1318 991 1355 1027 id
1374 995 1429 1028 est
1445 1003 1486 1027 ex
1501 992 1572 1027 hoc
1593 991 1720 1027 scietis

940 1050 1006 1075 vos
1028 1039 1184 1075 dilectos
1206 1051 1226 1075 a
1248 1050 1321 1083 me,
1342 1045 1377 1075 et
1399 1039 1498 1085 quod
1520 1039 1557 1074 in
1578 1037 1721 1074 dilecti-

940 1097 1013 1122 one
1035 1097 1118 1123 mea
1139 1098 1213 1133 qua
1234 1098 1297 1122 vos
1321 1086 1452 1132 diligo,
1478 1090 1515 1122 et
1542 1087 1578 1121 in
1600 1085 1722 1132 gratia

942 1145 1026 1170 mea
1046 1134 1218 1177 manetis,
1240 1134 1269 1169 si
1294 1138 1478 1180 praecepta
1492 1144 1575 1170 mea
1596 1144 1720 1169 serva-

941 1181 1259 1218 veritis.Scrvatio
1275 1181 1374 1217 enim
1387 1181 1651 1217 mandatorum
1662 1184 1718 1216 est

942 1229 1094 1265 effectus
1113 1232 1149 1265 et
1162 1229 1314 1275 signum
1331 1228 1468 1264 divinae
1484 1227 1719 1271 dilectionis3

942 1287 1016 1312 non
1041 1277 1165 1312 solum
1199 1279 1279 1322 ems
1312 1287 1385 1322 qua
1419 1287 1485 1312 nos
1513 1275 1720 1321 diligimus,

943 1324 1008 1359 scd
1029 1327 1065 1359 et
1086 1325 1166 1370 ejils
1195 1335 1269 1369 qua
1297 1323 1377 1370 ipse
1412 1323 1533 1367 diligit
1555 1334 1648 1366 nos3
1679 1334 1721 1358 ex

942 1372 1013 1407 hoc
1038 1371 1137 1407 enim
1160 1373 1259 1417 quod
1282 1370 1360 1417 ipse
1388 1382 1456 1406 nos
1475 1371 1611 1416 diligit,
1636 1381 1722 1406 mo-

942 1422 1007 1454 net
1046 1429 1128 1462 nOS,
1151 1423 1188 1454 et
1228 1419 1384 1464 adjuvat
1418 1419 1465 1454 ad
1489 1418 1722 1463 implendum

943 1466 1025 1512 ejus
1046 1468 1238 1509 mandata,
1259 1477 1342 1512 quae
1364 1465 1513 1511 impleri
1536 1476 1610 1501 non
1637 1475 1720 1511 pos-

941 1517 1027 1548 sunt
1049 1513 1120 1548 nisi
1142 1524 1207 1558 per
1226 1513 1399 1558 gratiam.
1418 1512 1589 1549 Ostendit
1610 1523 1714 1558 ergo,

942 1561 1149 1596 secundum
1170 1562 1433 1605 Augustinum,
1453 1571 1527 1595 non
1550 1560 1653 1595 unde
1675 1559 1728 1595 di-

943 1607 1054 1643 lectio
1081 1612 1301 1653 generetur,
1324 1608 1390 1643 sed
1412 1608 1510 1643 unde
1531 1610 1728 1642 monstra—

946 1659 1064 1699 retur,
1078 1659 1119 1691 ut
1136 1666 1246 1690 nemo
1262 1666 1301 1691 se
1320 1655 1438 1700 fallat,
1456 1654 1612 1690 dicendo
1629 1654 1729 1700 quod

946 1704 1065 1739 Deum
1089 1702 1235 1748 diligat,
1261 1702 1291 1738 si
1321 1703 1403 1748 ejus
1432 1705 1618 1748 praecepta
1654 1712 1730 1737 non

944 1755 1081 1785 servat.
1106 1752 1197 1785 Nam
1225 1750 1262 1785 in
1284 1753 1431 1786 tantum
1455 1751 1573 1785 Deum
1595 1748 1728 1795 diligi-

944 1808 1040 1841 mus,
1062 1797 1101 1832 in
1125 1801 1309 1842 quantum
1330 1798 1410 1843 ejus
1434 1800 1624 1843 praecepta
1645 1807 1721 1832 ser-

942 1855 1092 1889 vamus,
1109 1844 1147 1880 in
1162 1848 1348 1890 quantum
1366 1848 1494 1880 autem
1508 1844 1632 1879 minus
1647 1854 1723 1879 ser-

942 1903 1087 1934 vamus,
1111 1892 1239 1928 minus
1266 1891 1475 1937 diligimus.
1497 1893 1613 1927 Nemo
1629 1901 1724 1937 prae-

943 1944 1051 1985 cepta
1072 1943 1211 1981 servat,
1237 1939 1301 1985 qui
1324 1950 1398 1975 non
1421 1938 1569 1984 diligit3
1599 1943 1635 1974 et
1662 1949 1723 1973 ne-

943 1997 1004 2022 mo
1023 1987 1159 2033 diligit,
1183 1987 1253 2022 nisi
1277 1988 1340 2033 qui
1365 1990 1502 2022 servat.
1526 1987 1600 2021 Noc
1620 1985 1725 2031 prius

943 2045 1136 2070 servamus
1169 2038 1384 2080 praecepta,
1418 2038 1457 2069 ut
1485 2045 1552 2069 nos
1590 2033 1725 2078 diligat

945 2081 1116 2118 Christus
1134 2093 1142 2125 3
1164 2082 1229 2118 sed
1248 2081 1319 2117 nisi
1335 2092 1404 2118 nos
1425 2080 1628 2127 diligat,ea
1646 2091 1725 2116 scr-

944 2140 1033 2165 vare
1062 2140 1136 2165 non
1162 2140 1374 2175 possumus.

993 2192 1013 2223 9
1031 2178 1135 2212 AMOR
1159 2178 1221 2212 [Ji-:1
1249 2189 1321 2212 NON
1354 2188 1467 2211 DEBET
1500 2188 1567 2211 Nnc
1596 2186 1727 2211 POTEsT

947 2236 1031 2259 Essss
1070 2236 1230 2260 OTIOSUS.
1268 2244 1313 2250 —
1350 2226 1392 2259 Et
1433 2225 1568 2259 iterum
1608 2235 1616 2259 ε
1661 2225 1727 2260 Vos

946 2274 1057 2307 amici
1087 2274 1159 2307 mei
1191 2274 1292 2315 estis,
1316 2273 1350 2307 si
1377 2273 1540 2315 feceritis
1568 2281 1647 2315 quae
1667 2281 1730 2314 eqo

943 2322 1118 2365 praecipio
1139 2320 1254 2362 vobis,
1272 2319 1310 2355 id
1330 2325 1401 2362 est,
1420 2318 1449 2354 si
1471 2329 1586 2364 opera
1602 2322 1730 2353 osten-

947 2366 1077 2402 deritis
1104 2366 1281 2403 amicitiae
1309 2369 1346 2402 et
1372 2365 1585 2401 dilectionis
1608 2381 1614 2401 :
1643 2376 1733 2411 quo-

947 2414 1049 2449 niam
1075 2413 1245 2460 impletio
1280 2418 1555 2460 praeceptorum
1583 2418 1640 2449 est
1673 2414 1730 2447 si-

909 2503 910 2506 *
948 2472 1065 2507 gnum
1079 2461 1305 2505 dilectionis,
1323 2465 1360 2496 et
1373 2464 1602 2507 praeceptum
1615 2464 1670 2496 cst
1685 2459 1731 2495 si-

95 2511 137 2546 Si
158 2512 241 2555 quis
262 2510 389 2554 diliqit
406 2521 474 2554 me,
499 2511 533 2545 id
554 2513 611 2545 est
631 2508 874 2545 dilectionem
908 2508 910 2532 ³

41 2587 47 2594 .
96 2557 134 2593 in
156 2568 215 2593 me
234 2557 368 2601 tendit,
389 2569 587 2593 sermonem
613 2568 729 2591 meum
750 2567 875 2591 serva-
910 2567 911 2589 ξ

99 2605 211 2646 bit,id
224 2608 280 2640 est
295 2606 473 2641 mandata
490 2616 575 2641 mea
594 2604 641 2639 ad
662 2604 876 2639 faciendum
911 2622 912 2626 =

950 2520 1064 2553 gnum
1081 2520 1158 2544 suae
1175 2509 1398 2551 voluntatis;
1422 2509 1519 2552 ideo,
1542 2507 1572 2543 si
1588 2518 1633 2543 ea
1649 2518 1731 2553 quae

952 2556 1128 2601 praecepit
1139 2567 1213 2592 non
1226 2556 1410 2600 facerent,
1422 2556 1638 2592 voluntates
1655 2565 1731 2590 non

950 2607 1216 2645 consonarent,
1238 2608 1273 2639 ct
1291 2603 1344 2639 sic
1366 2603 1475 2639 amici
1498 2614 1572 2638 non
1590 2607 1729 2637 essent.

952 2651 1164 2687 Secundum
1187 2652 1414 2696 Greqorium,
1444 2650 1601 2693 amicus,
1628 2648 1732 2694 quasi

952 2697 1070 2734 animi
1102 2702 1228 2734 custos
1256 2699 1402 2734 dicitur.
1426 2698 1529 2733 Unde
1565 2707 1636 2731 non
1665 2696 1736 2730 im-

99 2750 136 2783 et
154 2747 268 2783 verba
291 2747 358 2782 Dei
378 2750 467 2782 tunc
492 2757 700 2789 servamus,
723 2747 876 2790 quando
912 2738 914 2758 ³
1536 2724 1545 2741 ’

101 2794 257 2832 facimus
283 2805 366 2841 quae
404 2794 597 2843 praecepit‚
622 2798 655 2830 et
687 2792 878 2833 diligimus
913 2789 914 2809 ²

953 2747 1102 2790 merito,
1124 2756 1186 2791 qui
1220 2746 1452 2782 voluntatem
1487 2744 1551 2779 Dei
1582 2743 1618 2778 in
1643 2753 1736 2789 prae-

952 2793 1068 2838 ceptis
1100 2795 1180 2837 ejus
1219 2793 1409 2829 custodire
1445 2791 1598 2831 dicitur,
1636 2789 1737 2825 illius
