1907 3139
211 197 271 232 310
451 210 455 214 ·
709 197 914 231 SECUNDAE
953 195 1109 230 Plintis
1145 197 1284 231 CAPUT
1323 197 1344 231 L

212 268 302 304 dum
324 279 345 305 a
365 268 465 305 bono
488 279 601 317 opere
635 268 834 305 virtutibus
862 276 987 319 ornes,

211 315 406 352 infirmum
434 317 472 353 in
507 318 581 353 fide
607 318 844 359 corrobores,
865 314 986 350 tribu-

210 361 350 400 latione
373 375 440 400 seu
459 374 609 401 carcere
622 363 783 399 tristitias
803 371 988 408 oppresso

209 410 410 447 subvenias
449 410 724 458 compatiendo,
754 409 812 445 vel
852 418 987 461 consq-

210 457 339 494 lando.
357 458 426 502 Qui
448 458 549 495 enim
568 460 649 494 haec
670 458 771 501 facit,
790 466 919 491 veram
934 455 988 491 di-

207 504 405 541 lectionem
439 508 475 542 et
503 505 697 541 caritatem
731 503 926 548 adimplet,
950 505 987 538 et

206 552 288 588 haec
303 553 447 599 maj0ra
465 556 549 588 sunt
560 563 671 598 quam
685 550 759 587 alia
775 548 984 595 praemissa,

206 599 306 645 quia,
328 603 368 635 ut
394 600 445 635 ait
467 600 677 643 Greqorius,
700 598 784 644 plus
803 599 860 633 est
879 597 983 632 verbi

204 646 341 692 pabulo
364 646 546 682 victuram
572 646 610 681 in
635 648 859 692 perpetuum
880 654 984 679 men-

206 696 282 729 tem
308 694 481 738 reficere,
498 703 611 739 quam
637 696 807 728 ventrem
828 691 985 727 moritu-

206 750 259 776 rae
278 740 401 776 carnis
422 744 574 776 terreno
594 750 692 786 pane
710 738 862 775 satiare.
879 737 986 774 Unde

173 828 177 830 ,
208 788 480 832 chrysostomus
503 799 511 823 z
536 802 554 820 «
577 787 614 823 Si
647 787 727 822 brec
753 785 882 822 omnia
903 795 984 821 cor-

206 834 387 880 poraliter
407 835 627 880 corporibus
645 832 782 870 Christi
800 832 986 869 ministra-

206 893 247 918 re
271 892 418 928 magnae
437 881 682 922 beatitudinis
701 883 772 925 est,
796 891 879 926 quaa
901 890 985 915 om-

208 929 298 964 nino
332 933 415 975 post
443 929 634 965 modicum
674 930 761 963 sunt
800 929 982 973 peritura,

206 979 319 1022 putas
354 979 505 1021 quantae
534 974 778 1011 beatitudidis
810 977 880 1019 est,
903 975 984 1009 haec

209 1022 335 1058 omnia
353 1022 596 1069 spiritualiter
615 1022 815 1058 animabus
833 1020 989 1068 pericli-

207 1070 374 1105 tantibus
390 1070 617 1114 ministrare,
637 1069 772 1114 quibus
792 1068 987 1104 vivificatae

207 1118 355 1164 possint
381 1116 507 1152 vivere
537 1116 576 1152 in
608 1116 814 1152 aetcrnum!
839 1116 987 1159 Quanto

208 1164 341 1200 melior
363 1168 419 1200 est
436 1163 564 1200 anima
582 1174 694 1209 quam
713 1174 864 1209 corpus,
882 1165 987 1198 tanto

207 1211 364 1247 meliora
384 1215 472 1247 sunt
492 1222 575 1257 quae
596 1211 645 1247 ad
664 1210 823 1247 sulutem
843 1209 987 1246 anima-

207 1269 304 1303 rum,
343 1269 454 1304 quam
485 1269 567 1304 quae
595 1259 642 1295 ad
672 1258 988 1294 sustentationem

208 1315 423 1352 corporum,
443 1306 717 1342 ministrantur.
742 1319 760 1338 »

257 1356 277 1388 6
298 1353 387 1396 Qum
424 1364 523 1388 DlCET
561 1355 637 1389 REx
678 1352 808 1389 MALIS?
826 1373 871 1378 -—
891 1355 988 1389 Tunc

209 1401 303 1436 dicet
332 1402 407 1436 Rex
434 1404 466 1436 et
488 1402 544 1436 his
566 1403 631 1447 qui
652 1412 673 1436 α
713 1402 877 1436 sinistris
908 1402 988 1448 ejus

209 1451 326 1489 erunt,
350 1447 386 1483 id
406 1451 462 1483 est
480 1449 664 1494 reprobis,
685 1448 744 1493 qui
765 1447 931 1494 sinistra,
952 1448 988 1484 id

209 1497 265 1531 est
285 1494 522 1541 temporalia,
535 1495 714 1541 quamdiu
730 1496 915 1539 vixerunt,
930 1506 990 1531 ar-

210 1542 344 1578 denter
361 1546 585 1578 amaverunt
605 1555 613 1577 :
634 1543 816 1578 Discedite
835 1553 857 1577 a
877 1554 943 1578 me.
961 1543 988 1579 O

210 1589 337 1625 int'elix
358 1589 535 1625 discessio
552 1589 599 1626 ΞΟ
616 1589 710 1625 dura
731 1588 940 1635 separatio!
961 1590 989 1626 Ο

210 1636 436 1672 miserabilis
458 1636 634 1672 conditio!
654 1636 839 1672 Discedite
858 1647 946 1682 ergo
969 1647 991 1672 a

211 1694 271 1719 me
286 1684 386 1719 fonte
400 1684 486 1719 vitaz
502 1683 765 1728 indeficientis,
777 1695 798 1719 a
811 1694 869 1719 me
885 1683 992 1719 lumi-

212 1742 259 1767 ne
275 1730 405 1777 gloriae
424 1729 690 1775 beatificantis,
710 1741 732 1766 a
750 1741 809 1766 me
824 1734 991 1767 torrente

211 1778 411 1824 voluptatis
434 1777 666 1822 inundantis,
689 1789 711 1813 a
741 1788 799 1813 nie
828 1777 992 1823 plenitu-

211 1825 298 1861 dine
326 1825 508 1862 ubertatis
535 1824 779 1869 ineb1·iantis;
805 1826 993 1861 maledicti

211 1872 409 1917 dupliciter
423 1884 430 1908 :
446 1872 566 1918 primo
580 1872 843 1908 maledictione
859 1872 990 1918 empse,

210 1920 275 1956 sed
298 1919 408 1956 modo
442 1919 705 1956 maledictione
738 1930 855 1963 poenae
887 1924 992 1956 feter-

210 1978 280 2011 nae,
301 1969 340 2003 in
360 1969 479 2011 ionem
505 1971 692 2008 aeternum,
716 1966 796 2003 sine
825 1967 899 2003 tine
923 1977 990 2003 vos

210 2025 398 2058 arsurum,
425 2016 489 2060 qui
525 2019 681 2060 paratus
718 2018 769 2050 est
789 2015 935 2050 (liubolo
956 2018 990 2050 et

210 2063 350 2106 anyeizs
368 2062 459 2106 ejus,
479 2064 518 2097 ut
531 2061 666 2107 quibus
682 2061 845 2107 colligati
866 2060 989 2098 fuistis

214 2110 250 2144 in
277 2109 397 2155 culpa,
428 2108 621 2144 sociemini
645 2108 680 2143 iii
702 2119 827 2153 poena.
851 2109 879 2145 O
901 2119 988 2145 con-

213 2155 372 2191 sortium
394 2155 549 2198 malum,
566 2155 747 2191 horribile
767 2156 920 2201 quidem
942 2155 990 2191 ad

215 2203 515 2249 imaginandum,
537 2201 720 2238 horribile
754 2203 914 2249 amplius
943 2203 990 2239 ad

217 2249 433 2293 videndum,
456 2250 522 2286 sed
552 2250 674 2286 adhuc
703 2250 923 2287 horribilius
943 2250 992 2286 ad

217 2297 529 2333 cohabitandum!
553 2298 633 2332 Non
645 2299 835 2343 portastis,
856 2297 990 2344 inquit,

217 2344 359 2380 elavem
380 2343 514 2388 crucis,
536 2344 575 2379 in
597 2355 757 2389 reguum
779 2356 855 2381 non
875 2345 992 2381 iutra-

218 2391 331 2435 bitis;
356 2402 433 2427 non
456 2391 659 2437 navigastis
688 2391 726 2427 in
746 2403 839 2428 nave
858 2392 992 2436 crucis,

218 2439 301 2475 ideo
327 2439 374 2474 ad
394 2442 541 2484 portum
557 2450 632 2475 non
657 2440 907 2485 pervenietis;
931 2440 995 2476 sed

217 2496 368 2532 poenam
396 2485 521 2521 damni
551 2491 586 2521 et
621 2497 753 2522 sensus
792 2486 994 2523 habebitis.

222 2535 317 2569 Dum
344 2532 433 2568 mali
476 2532 649 2579 permixti
684 2537 770 2569 sunt
792 2534 915 2579 bonis,
943 2534 993 2570 vi-

218 2580 354 2616 dentur
369 2590 450 2616 esse
471 2591 553 2616 cum
577 2582 665 2624 Deo,
680 2581 744 2616 sed
758 2582 909 2618 tandem
925 2581 996 2617 dis-

219 2627 354 2664 cedent
380 2628 426 2663 ab
446 2638 505 2672 eo,
533 2630 570 2663 et
596 2627 791 2664 mittentur
813 2630 850 2664 in
873 2631 995 2673 ignem

219 2677 418 2718 aeternum,
436 2685 505 2710 nee
521 2674 662 2711 videbit
678 2674 813 2721 impius
834 2675 995 2722 gloriam

218 2721 298 2758 Dei.
319 2722 510 2766 Discedit&
524 2720 658 2767 inquit,
675 2724 736 2768 qui
754 2723 876 2759 adhuc
898 2734 996 2759 com-

220 2768 324 2805 mixti
345 2767 466 2805 suistis
486 2768 596 2805 bonis
627 2769 666 2806 in
694 2770 850 2814 mundo,
869 2782 890 2806 a
911 2781 995 2806 mea

223 2815 330 2857 facie.
363 2817 409 2853 ab
445 2815 545 2853 omni
588 2827 671 2853 mea.
715 2816 993 2859 misericordia,

1062 266 1109 303 ab
1124 267 1224 303 omni
1240 266 1377 314 gloria3
1393 265 1594 311 maledicti,
1608 263 1674 302 sed
1687 275 1762 301 non
1779 264 1842 301 ad-

1062 314 1116 349 dit
1138 314 1259 351 Patris
1279 313 1367 359 mei,
1390 314 1567 361 quoniam
1590 324 1632 350 ex
1652 313 1764 349 Patre
1786 314 1842 349 est

1061 361 1287 404 benedictio,
1309 373 1351 398 ex
1379 361 1487 398 nobis
1508 371 1595 397 vero
1626 359 1840 412 maledictio

1061 408 1130 445 Ubi
1167 408 1220 445 sic
1254 408 1306 445 ait
1339 410 1610 454 chrysostomus
1638 419 1646 444 ε
1677 420 1695 441 «
1727 407 1839 451 Quasi

1062 454 1127 501 qui
1166 467 1243 492 non
1283 456 1437 492 sufferat
1466 454 1708 503 praesentiam
1751 453 1844 490 illo-

1061 513 1145 538 rum
1179 503 1236 538 vel
1265 502 1448 549 aspicere,
1492 503 1544 539 sie
1578 503 1701 548 inquit
1720 513 1728 537 ε
1769 502 1845 537 Dis·
1874 523 1875 528 =

1061 550 1176 585 cedite
1192 559 1215 585 a
1233 560 1307 593 me,
1329 560 1416 586 nam
1443 551 1541 586 Deus
1563 549 1625 596 qui
1643 550 1682 586 in
1702 546 1843 585 sancti·
1874 590 1876 594 ,

1061 598 1138 632 tate
1153 597 1360 633 delectatur
1374 596 1598 641 animarum,
1615 595 1844 643 peccatrices
1874 635 1875 641 χ

1062 643 1207 679 animas
1228 642 1415 690 aspiciens
1439 643 1546 689 quasi
1563 647 1741 689 gravatus
1768 653 1844 679 non
1873 662 1876 673 ι

1062 691 1206 726 suffert.
1227 692 1433 737 Tamquam
1454 690 1485 726 si
1507 690 1607 727 dicat
1627 691 1706 727 eis:
1729 690 1844 735 Quasi

1061 737 1219 784 putredo
1236 741 1272 773 et
1285 737 1466 784 spurcitia
1480 737 1584 783 estis,
1607 749 1678 775 nec
1693 738 1840 775 tamdiu

1062 795 1128 821 vos
1149 785 1333 830 sustineo,
1355 785 1532 832 quamdiu
1554 785 1663 821 statis
1682 784 1720 821 in
1740 784 1838 832 judi·
1872 805 1875 812 ·

1063 831 1119 869 cio
1139 834 1310 868 meo.»Et
1330 832 1480 870 iterum:
1499 847 1517 866 «
1538 833 1731 877 Discedite,
1751 843 1838 869 ma—
1873 833 1877 869 1

1064 880 1204 923 ledaea,
1227 891 1302 916 non
1320 891 1342 916 a
1364 881 1474 916 Patre
1493 891 1594 924 meo,
1611 890 1735 926 neque
1760 878 1840 927 ipse

1064 937 1128 963 eos
1161 926 1365 972 maledixit,
1383 928 1448 964 sed
1467 927 1622 974 propria
1650 937 1779 974 opera,
1801 929 1840 963 in

1062 977 1182 1019 ignem
1203 980 1388 1018 aeternum,
1406 977 1482 1020 ‚qui
1503 979 1660 1021 paratus
1679 977 1744 1019 est,
1764 984 1840 1010 non
1873 1011 1875 1013 ,

1062 1021 1183 1066 vobis,
1214 1023 1292 1066 sed,
1322 1022 1468 1057 diabolo
1499 1025 1532 1058 et
1561 1022 1702 1067 amyclis
1740 1021 1842 1067 ejus;

1065 1068 1151 1115 quia
1175 1080 1262 1105 vero
1286 1069 1455 1116 vosipsos
1472 1068 1511 1105 in
1530 1068 1654 1116 ignem
1676 1067 1842 1113 mist-tis,

1063 1115 1170 1151 vobis
1207 1116 1298 1162 ipsis
1337 1120 1547 1163 reputate.»
1575 1117 1661 1161 Sed,
1690 1127 1736 1151 ne
1763 1125 1845 1151 um-
1869 1121 1873 1147 ἰ

1064 1173 1175 1209 quam
1195 1164 1276 1199 haee
1298 1164 1498 1210 patiamur,
1519 1174 1539 1199 o
1562 1162 1755 1212 unigenite
1775 1162 1843 1199 Fili
1867 1150 1873 1207 i

1064 1210 1146 1254 Dei,
1170 1210 1311 1247 scilicet
1331 1211 1463 1246 taciem
1484 1211 1587 1247 illam
1609 1213 1845 1246 mansuetam
1866 1210 1872 1255 l

1064 1257 1191 1293 videre
1203 1268 1373 1293 aversam
1385 1269 1406 1294 a
1420 1257 1540 1301 nobis,
1553 1262 1589 1294 et
1599 1257 1844 1303 tranquillum
1866 1270 1871 1301 ς

1065 1304 1169 1340 illum
1216 1305 1364 1340 oculum
1398 1316 1474 1341 non
1500 1305 1684 1350 serentem
1716 1304 1870 1355 videreff

1065 1362 1148 1395 nos,
1169 1362 1291 1397 neque
1307 1352 1533 1399 accipiamus
1553 1353 1718 1398 aliquam
1738 1362 1844 1398 expe-

1065 1399 1240 1435 rientiam
1260 1400 1359 1436 illius
1377 1411 1496 1446 poenae
1512 1399 1746 1444 incurabilis,
1774 1400 1841 1435 sci-

1065 1446 1149 1482 licet
1171 1447 1341 1483 excidere
1362 1458 1384 1483 a
1404 1446 1565 1482 coilestis
1580 1446 1687 1493 regni
1708 1446 1844 1493 gloria,

1066 1497 1102 1530 et
1123 1495 1291 1530 comburi
1313 1494 1349 1530 in
1370 1495 1621 1541 gehenna.De
1643 1495 1712 1530 hac
1729 1493 1844 1530 etiam

1066 1541 1280 1577 exclusione
1318 1545 1354 1577 et
1397 1541 1634 1586 separatione
1671 1541 1723 1577 sic
1755 1539 1846 1577 dicit

1066 1589 1166 1624 idem
1191 1590 1461 1633 Clirysostomus
1481 1601 1491 1624 z
1509 1602 1526 1622 «
1546 1589 1736 1624 Ponamus
1755 1588 1846 1624 illud

1066 1640 1153 1672 autc
1171 1637 1311 1680 oculos,
1332 1635 1461 1682 quanti
1481 1635 1623 1671 doloris
1633 1633 1845 1672 estexcludi

1068 1686 1103 1718 et
1123 1682 1254 1729 projici
1275 1693 1298 1718 a
1321 1693 1438 1726 regno
1461 1683 1655 1727 eoelorum,
1681 1682 1781 1729 quod
1806 1685 1848 1719 ut

1066 1729 1157 1766 mihi
1179 1729 1341 1775 videtur,
1364 1731 1445 1776 ipsa
1463 1729 1614 1776 gravius
1633 1732 1689 1766 est
1705 1731 1843 1775 gehen·

1068 1788 1128 1813 na.
1157 1778 1264 1821 Nam,
1287 1779 1323 1812 et
1351 1776 1380 1812 si
1400 1777 1461 1813 ille
1481 1776 1578 1823 ignis
1598 1787 1674 1813 non
1697 1776 1848 1813 arderet

1068 1828 1104 1861 et
1135 1824 1358 1860 immortalis
1388 1823 1453 1860 illa
1482 1835 1595 1871 poena
1629 1834 1707 1860 non
1746 1826 1848 1860 esset

1065 1876 1217 1919 parata3
1240 1872 1310 1907 hoc
1336 1871 1456 1907 solum
1490 1871 1591 1918 qnod
1622 1869 1736 1907 alieni
1760 1870 1843 1907 effi·
1867 1869 1874 1898 ²-

1067 1920 1188 1955 cimur
1209 1929 1230 1954 a
1256 1918 1417 1963 Christo,
1437 1921 1473 1955 et
1493 1918 1728 1955 excludImur
1745 1928 1767 1954 a
1783 1918 1866 1964 bor

1065 1967 1123 2002 nis
1150 1965 1316 2010 (eternis,
1340 1976 1463 2002 nonne
1494 1966 1597 2002 omni
1628 1975 1742 2012 poena
1761 1975 1860 2010 cru-

1066 2012 1236 2050 ciabilius
1255 2013 1473 2049 diceretur?
1489 2026 1507 2045 ›>
1530 2014 1611 2049 haec
1632 2013 1856 2058 Chrysosto-¹

1065 2071 1158 2096 mus.
1850 2064 1870 2101 ‚s

1113 2124 1131 2155 7
1153 2108 1328 2151 Quonono
1351 2108 1525 2144 Cnmsms
1550 2118 1612 2143 ns'r
1635 2118 1673 2143 IN
1691 2117 1859 2143 MEMBRIS

1065 2155 1273 2192 Ecemsm?
1299 2176 1344 2181 ——
1373 2156 1417 2190 Et
1446 2151 1756 2191 commemorabit
1780 2155 1846 2191 Ju-
1864 2180 1876 2203 ,χ

1067 2203 1135 2238 dex
1156 2213 1269 2248 opera
1291 2202 1557 2238 misericordiae
1578 2201 1772 2249 praedieta,
1799 2211 1821 2237 a
1860 2198 1869 2258 ’1,

1066 2249 1157 2297 ipsis
1175 2249 1343 2296 reprobis
1363 2248 1432 2286 sibi
1454 2261 1531 2286 non
1550 2250 1673 2295 sacta3
1696 2250 1761 2286 sed
1783 2259 1842 2300 ΓΘ7
1863 2249 1873 2297 ’,’

1067 2298 1175 2344 probi
1196 2296 1303 2343 quasi
1327 2308 1366 2333 se
1393 2301 1613 2333 excusantes
1641 2296 1828 2343 responde
1862 2333 1866 2349 ,

1068 2346 1161 2381 bunt
1190 2349 1227 2380 et
1253 2344 1553 2390 interrogabunt,
1586 2346 1736 2391 quando
1766 2343 1841 2379 hae
1862 2356 1873 2398 s

1069 2391 1140 2428 sibi
1159 2403 1234 2428 non
1248 2392 1587 2435 fecerunt.Verum‚
1609 2394 1648 2428 ut
1668 2390 1839 2428 aitRaba·
1860 2390 1872 2418 ι’

1068 2450 1149 2480 mts‘,
1162 2443 1199 2475 et
1219 2438 1248 2474 si
1271 2450 1310 2475 se
1331 2450 1506 2475 excusare
1521 2442 1837 2486 satagunt,tame
1862 2434 1865 2466 ἶ

1070 2489 1190 2524 Deum
1213 2486 1344 2523 fallere
1363 2497 1439 2523 non
1458 2491 1629 2534 possunt.
1645 2489 1688 2523 Et
1707 2485 1837 2523 idcirc
1861 2492 1873 2527 ,3

1070 2534 1304 2581 respondebit
1338 2535 1430 2579 illis,
1453 2536 1576 2570 dicens
1617 2546 1625 2571 :
1665 2533 1835 2578 Quamdi
1860 2545 1866 2597 g

1069 2593 1140 2618 non
1159 2583 1301 2625 fecistis
1323 2583 1388 2617 uni
1407 2583 1451 2617 de
1471 2581 1671 2619 minoribus
1692 2582 1763 2628 his,
1784 2588 1838 2618 ne
1860 2582 1888 2641 ἐξ

1070 2630 1163 2666 mihi
1182 2630 1339 2674 fecistis.
1363 2629 1468 2665 Unde
1492 2629 1583 2665 dicit
1598 2629 1830 2674 Auqustinus

1073 2690 1091 2711 «
1110 2677 1277 2714 Christus
1295 2680 1404 2723 caput
1424 2680 1481 2713 est
1500 2676 1689 2721 Ecclesiae,
1709 2686 1799 2723 corp
1831 2690 1834 2692 ·
1858 2693 1859 2697 =

1071 2724 1153 2771 ejus
1179 2724 1355 2759 Ecclesia.
1384 2725 1422 2760 In
1452 2727 1579 2761 nostro
1603 2734 1759 2770 corpore
1779 2729 1835 2759 ca
1866 2756 1872 2772 ,

1071 2774 1136 2818 put
1167 2782 1315 2807 sursum
1354 2776 1423 2817 est,
1446 2771 1560 2818 pedes
1584 2771 1625 2808 in
1659 2774 1773 2807 terra.
1803 2771 1831 2806 Ι
1866 2793 1872 2824 4

1072 2818 1195 2866 aliqua
1210 2817 1482 2868 constipatione
1501 2819 1711 2863 hominum,
1728 2824 1837 2867 quat*
1849 2824 1868 2842 ³
