1855 3139
525 146 574 181 DF.
615 147 822 182 PFSILLIS
864 149 942 182 NON'
985 150 1393 185 sfxxxlmlstzmnls.
1771 152 1810 187 :37

162 222 223 258 tur
253 218 287 258 ei
314 219 577 267 quodcumque
606 230 701 256 onus
726 220 957 266 poenitentiis

159 280 276 315 grave
292 297 301 313 ,
335 268 400 305 sed
438 267 565 314 potius
586 268 694 304 valde
733 269 827 306 leve.

215 332 231 353 2
274 318 336 352 VAE
375 327 497 351 111-11110
535 328 557 351 A
592 327 799 352 scitNDALis.
834 337 878 343 -
911 319 956 354 Et

159 363 357 410 subjungit
377 363 582 399 Dominus:
600 366 662 400 Vae
673 365 821 409 mundo
842 364 879 400 id
897 369 954 401 est

157 411 363 448 mundanis
382 410 619 455 hominibus,
640 413 891 454 aseczndali33
914 412 952 449 id

159 463 217 496 est
231 462 389 513 propter
405 458 584 495 scandala
598 469 658 505 qu
653 470 682 495 e
694 459 837 495 faciunt
851 459 949 496 aliis.

159 506 255 551 Quia
276 506 306 543 si
344 510 421 543 tam
459 517 573 560 grave
600 510 656 542 est
693 508 951 544 scandalizare

159 554 335 601 pusillos,
346 554 448 600 quod
463 553 497 590 ei
511 554 574 600 qui
588 555 816 591 scandalizat
831 566 949 591 unum

158 602 357 648 pusillum,
371 601 492 647 magis
504 602 654 648 expedit,
668 603 767 638 mola
781 602 950 639 asinaria

160 650 198 685 in
234 650 465 696 profundum
496 649 613 686 maris
641 650 825 697 demergi,
849 651 949 696 quod

160 708 235 733 non
257 700 315 733 est
334 708 493 743 parvum
513 708 568 733 vie
584 710 591 739 ς
610 697 723 743 longe
742 699 863 743 majus
881 709 944 740 ra),

160 744 304 781 scilicet
316 744 697 788 aeternum,imminet
717 744 945 791 ipsimumto,

160 792 197 828 id
213 796 270 828 est
288 792 418 828 mundi
437 792 673 828 amatoribus
690 795 726 828 et
740 793 947 839 peccatori-

160 840 242 884 bus,
263 850 285 876 a
305 841 516 884 scandalis,
537 840 573 875 id
591 843 648 875 est
667 851 734 886 pro
756 840 946 877 scandalis

159 898 245 934 quae
267 898 345 923 non
365 891 512 931 cavent,
533 899 602 924 nec
622 887 815 933 proximos
836 899 944 924 scan-

157 935 323 971 dalizare
336 934 483 979 timent,
493 946 536 970 36
548 938 655 971 tanta
670 939 706 970 et
717 938 793 971 tam
807 946 945 982 magna

154 982 324 1018 inferunt
344 982 536 1025 scandala,
555 983 695 1018 nedum
716 985 857 1029 parvis,
877 984 944 1020 sed

154 1033 192 1066 et
231 1029 380 1076 magnis
398 1030 405 1065 1
449 1030 700 1066 Praelatorum
740 1034 866 1066 autem
906 1035 944 1067 et

157 1077 425 1123 religiosorum
450 1078 673 1114 scandalum
694 1077 943 1124 periculosius

157 1128 215 1161 est
250 1128 287 1161 et
321 1124 487 1172 gravius,
512 1125 600 1171 quia
634 1136 764 1161 eorum
802 1126 942 1162 factum

155 1172 278 1219 magis
292 1173 457 1208 trahitur
471 1173 509 1208 in
521 1173 747 1219 exemplum.
766 1174 837 1210 Sed
854 1173 942 1219 quia

153 1223 283 1266 posset
302 1221 348 1256 ab
367 1231 410 1256 eo
430 1222 547 1266 quaeri
570 1232 577 1256 :
600 1220 636 1257 Si
657 1222 708 1256 ita
724 1221 866 1257 malum
886 1224 942 1257 est

154 1267 250 1304 alios
289 1268 567 1312 scandalizare,
598 1279 715 1314 quare
753 1268 940 1314 permittis

155 1315 337 1352 scandala
352 1315 528 1352 eveniie.
517 1316 534 1342 ?
552 1315 779 1362 Respondit.
791 1319 942 1353 Necesse

156 1366 209 1398 est
230 1365 339 1404 enim,
359 1362 397 1398 id
418 1366 474 1399 est
499 1363 700 1410 expediens
723 1366 760 1399 et
781 1364 870 1399 utile
887 1368 942 1399 est

155 1410 202 1446 ad
227 1409 387 1446 aliorum
416 1411 701 1457 probationem,
723 1414 763 1446 ut
790 1413 941 1447 tentant

152 1458 345 1501 seandala,
360 1457 397 1493 id
416 1459 593 1494 6311101113
611 1462 647 1493 et
662 1460 739 1493 Deo
754 1458 940 1504 placentis

155 1486 454 1541 conversationis
475 1504 763 1551 impedimenta.
784 1507 827 1540 Et
856 1505 939 1542 ideo

154 1552 245 1588 dicit
264 1553 468 1599 Apostolus
489 1565 496 1588 ε
517 1554 665 1599 Oportet
680 1554 830 1589 haereses
851 1564 939 1598 esse,

152 1604 195 1636 ut
213 1602 278 1646 qui
297 1601 446 1645 probati
471 1604 557 1636 sunt
576 1602 768 1645 manifesti
791 1603 882 1638 1111111
901 1603 941 1636 in

152 1648 269 1684 vobis.
294 1648 399 1683 Unde
420 1650 664 1693 Hieronymus
684 1661 693 1683 :
718 1662 735 1682 «
757 1648 858 1684 Sicut
879 1659 940 1684 ne-

154 1706 259 1731 cesso
290 1698 345 1731 est
373 1694 500 1741 ignem
527 1696 664 1740 calere,
696 1695 819 1731 nivem
853 1706 940 1731 vero

152 1742 315 1788 srigere3
338 1742 391 1779 ita
411 1743 525 1778 etiam
546 1754 700 1779 necesse
722 1747 779 1779 est
800 1747 839 1779 ut
860 1742 940 1778 ini—

157 1791 282 1836 quitas
296 1789 429 1827 mundi
444 1790 638 1827 erroribus
649 1791 750 1837 pleni
764 1791 941 1827 scandala

153 1837 290 1884 pariat,
311 1838 567 1884 perfectorum
590 1849 679 1873 vero
702 1837 839 1873 caritas
858 1838 940 1884 pie-

156 1885 242 1920 tatis
264 1885 443 1930 operibus
461 1884 606 1921 luceat:
631 1898 648 1918 11
664 1885 745 1920 haec
766 1887 941 1929 Hierony-

154 1943 246 1968 mus.
267 1934 347 1968 Non
367 1937 423 1968 est
441 1932 647 1968 necessitas
667 1932 855 1977 absoluta,
874 1933 940 1968 sed

153 1982 302 2016 tantum
325 1991 367 2015 ex
391 1979 663 2026 suppositione,
687 1979 829 2016 scilicet
851 1990 939 2026 sup-

154 2027 279 2073 posita
287 2030 406 2071 tanta,
417 2030 456 2063 ut
468 2030 649 2073 appareat
665 2026 793 2064 mundi
807 2026 940 2073 iniqui-

155 2078 247 2111 tate.
287 2075 397 2111 Nulla
438 2075 579 2111 etenim
611 2075 816 2111 necessitas
843 2074 941 2120 cogit

154 2122 321 2158 humana
333 2122 447 2158 corda
459 2133 541 2159 esse
554 2121 701 2168 iniqua,
713 2133 797 2168 quae
812 2125 941 2157 tamen

155 2169 244 2216 quia
266 2169 400 2215 iniqua
424 2173 525 2215 sunt,
548 2170 763 2206 necessario
789 2173 942 2205 movent

155 2217 346 2253 scandala.
366 2217 487 2261 Unde,
504 2217 711 2253 secundum
733 2219 940 2261 chrysosto-

155 2276 268 2306 mum,
282 2275 356 2300 non
372 2264 533 2300 destruit
544 2264 760 2301 libertatem
776 2263 938 2308 arbitrii,

154 2323 278 2358 neque
313 2312 530 2348 necessitati
563 2312 774 2358 aliquarum
812 2321 939 2347 rerum

154 2358 354 2406 supponit;
380 2359 446 2395 sed
474 2360 573 2405 quod
595 2360 748 2395 omnino
771 2359 939 2395 futurum

154 2411 249 2451 erat,
271 2410 428 2453 propter
448 2407 520 2442 hoc
542 2407 728 2453 praedixit.
754 2406 940 2443 Scandala

154 2454 307 2501 quidem
324 2458 411 2490 sunt
422 2454 699 2500 prohibitiones
710 2458 823 2490 rectae
838 2452 938 2497 vitae,

155 2505 192 2538 et
204 2512 356 2537 necesse
369 2504 426 2537 est
440 2505 478 2537 ut
489 2501 656 2546 veniant,
668 2501 705 2538 id
717 2506 772 2537 est
785 2500 938 2537 omnino

155 2548 322 2584 venient.
336 2549 408 2585 Sed
418 2548 506 2595 quia
518 2548 656 2585 iterum
671 2554 798 2595 posset
810 2547 937 2591 argui:

157 2596 195 2632 Si
218 2607 374 2632 necesse
411 2600 467 2631 est
498 2600 538 2632 ut
565 2596 718 2632 veniant
744 2595 938 2639 scandala,

157 2653 247 2688 ergo
277 2643 339 2688 qui
367 2642 512 2679 faciunt
540 2644 720 2680 scandala
746 2654 820 2679 non
851 2645 941 2678 sunt

158 2689 354 2737 puniendi,
378 2691 593 2736 respondet,
612 2691 740 2727 dicens
758 2703 765 2726 ;
791 2693 942 2727 Verum-

160 2742 281 2774 tamen
303 2748 368 2781 vae,
391 2738 534 2774 scilicet
553 2742 706 2775 aeternae
727 2737 940 2774 damnatio-

160 2784 235 2829 nis,
258 2785 398 2823 homini
417 2786 477 2820 illi
504 2797 569 2832 per
598 2797 703 2835 quem
724 2784 939 2828 causaliter,

1034 226 1070 258 et
1100 222 1207 267 qu'us
1245 221 1351 267 vitio,
1378 224 1595 260 scandalum
1629 224 1743 269 venit,
1779 223 1808 261 si

1030 273 1160 306 tamen
1195 270 1276 305 sine
1308 272 1462 315 peccato
1494 271 1636 308 evitare
1660 275 1805 319 potest3

1029 317 1107 363 qui,
1130 317 1230 371 quod
1252 328 1406 353 necesse
1440 321 1510 362 est,
1532 322 1571 353 ut
1604 318 1643 354 in
1668 321 1809 356 mundo

1029 366 1109 409 fiat,
1125 364 1215 401 vitio
1238 375 1304 401 suo
1328 365 1429 409 lacit,
1450 370 1492 401 ut
1514 375 1582 411 per
1603 377 1641 401 se
1666 367 1745 402 fiat.
1773 367 1809 404 Si

1028 412 1143 454 enim,
1163 415 1204 448 ut
1221 412 1273 448 ait
1293 413 1582 457 chrysostomus,
1605 414 1810 450 necessitas

1026 463 1138 499 esset.
1161 471 1237 496 non
1261 459 1417 496 dixisset
1444 471 1499 495 vie
1528 460 1688 504 homini,
1712 461 1810 497 unde

1025 518 1090 543 eos
1125 507 1284 543 miseros
1319 507 1422 551 dicit,
1446 507 1508 552 qui
1545 518 1588 543 ex
1625 507 1811 544 electione

1023 555 1228 602 perniciosi
1267 558 1367 591 sunt.
1403 536 1471 591 Ubi
1491 555 1544 591 ait
1563 555 1810 601 Theophilus:

1026 617 1044 635 ‹<
1066 604 1250 646 Querunt
1279 602 1418 648 aliqui:
1444 601 1481 638 S1
1498 612 1654 638 necesse
1685 605 1743 638 est
1771 605 1813 638 ut

1022 650 1178 687 veniant
1197 651 1394 694 3631111313,
1409 661 1475 685 cur
1490 648 1674 686 Dominus
1688 650 1813 694 arguit

1023 698 1292 734 scandalorum
1325 698 1523 734 auctores?
1556 696 1751 742 Quidquid
1775 700 1812 732 et

1023 745 1123 781 enim
1139 746 1238 791 parit
1252 744 1475 789 necessitas,
1488 744 1635 781 veniale
1648 749 1718 780 est.
1738 744 1811 780 Sed

1022 793 1175 829 attende
1192 793 1294 839 quod
1313 792 1521 829 necessitas
1538 792 1611 827 ista
1628 803 1670 827 ex
1689 791 1808 827 libero

1021 840 1180 876 arbitiio
1221 840 1379 876 sortitur
1419 839 1636 886 originem3
1678 838 1810 874 videns

1021 887 1122 923 enim
1142 889 1325 924 Dominus
1341 887 1503 934 qualiter
1524 886 1697 922 homines
1716 885 1810 921 inni-

1020 938 1152 971 tuntur
1188 936 1302 979 malo,
1323 946 1391 971 1161
1421 937 1640 981 ploponunt
1666 933 1808 980 aliquid

1020 982 1124 1026 boni,
1164 982 1256 1018 dixit
1293 983 1393 1029 quod
1430 986 1612 1028 quantum
1650 985 1728 1025 est,
1766 992 1809 1017 ex

1019 1030 1297 1076 consequentia
1332 1040 1466 1066 eorum
1500 1040 1584 1076 que
1616 1028 1808 1073 videntur,

1020 1088 1176 1114 necesse
1189 1081 1243 1114 est
1256 1077 1478 1123 contingere
1495 1076 1690 1113 scandala.
1705 1075 1809 1112 Sicut

1019 1124 1049 1161 si
1083 1124 1252 1161 medicus
1288 1124 1423 1160 videns
1451 1134 1681 1170 quemquam
1710 1123 1807 1159 male

1018 1172 1132 1209 diaeta
1147 1176 1331 1216 utentem,
1342 1173 1456 1208 dicat:
1474 1182 1629 1208 necesse
1644 1172 1807 1206 esthuuc

1018 1223 1216 1265 aegrotarc.
1238 1221 1283 1256 Et
1305 1220 1389 1255 ideo
1411 1218 1604 1272 inducenti
1627 1218 1807 1254 scandala

1017 1279 1068 1303 use
1089 1267 1192 1312 dicit,
1212 1270 1248 1303 et
1264 1278 1416 1314 poenam
1439 1266 1473 1303 ei
1493 1265 1761 1303 comminatur.
1787 1280 1804 1299 »

1018 1315 1086 1351 Ubi
1114 1318 1150 1351 et
1177 1316 1425 1361 Hieronymus
1450 1327 1459 1350 :
1485 1326 1503 1348 «
1527 1315 1618 1351 Cum
1649 1323 1805 1349 necesse

1016 1362 1078 1403 sit,
1090 1362 1129 1397 in
1143 1361 1215 1397 1310
1234 1362 1373 1398 1111111110
1392 1361 1473 1397 fieti
1489 1360 1681 1405 scandala,
1693 1371 1806 1396 unus-

1017 1409 1174 1455 quisque
1211 1419 1279 1445 suo
1316 1408 1405 1445 vitio
1443 1408 1632 1444 scandalis
1670 1411 1801 1453 patet3

1016 1456 1204 1502 simulque
1232 1467 1300 1503 per
1327 1457 1545 1503 generalem
1574 1454 1802 1491 sententiam

1015 1503 1226 1550 percutitui
1246 1483 1377 1548 Judas,
1398 1503 1463 1549 qui
1482 1501 1692 1550 proditioni
1714 1501 1802 1537 ani—

1016 1562 1118 1587 mum
1140 1532 1452 1605 praeparaverat:
1477 1563 1496 1585 11
1518 1551 1600 1586 haec
1620 1552 1802 1594 Hierony-

1015 1610 1108 1635 mus.
1129 1600 1174 1634 Et
1194 1598 1224 1634 si
1246 1598 1452 1645 aliquando
1474 1597 1620 1634 utiliter
1641 1597 1802 1633 scanda-

1016 1647 1095 1682 lum
1111 1646 1196 1692 quis
1208 1646 1333 1691 saciat,
1344 1657 1420 1682 non
1432 1643 1803 1697 tamenJ'udicabitui

1016 1704 1038 1730 a
1060 1695 1135 1730 Deo
1157 1694 1365 1730 secundum
1384 1693 1589 1729 utilitatem
1610 1703 1693 1738 quae
1716 1691 1802 1727 inde

1015 1741 1210 1795 provenit3
1229 1741 1295 1777 sed
1309 1741 1518 1777 secundum
1534 1739 1675 1776 exitum
1690 1749 1801 1785 quem

1016 1788 1278 1825 scandalizans
1298 1787 1476 1825 intendit.
1500 1789 1604 1823 Bona
1627 1786 1697 1823 suit
1717 1797 1800 1822 cru-

1016 1836 1138 1872 cifixio
1160 1836 1313 1880 Christi,
1332 1847 1410 1871 non
1429 1838 1558 1871 tamen
1584 1835 1681 1871 bene
1703 1834 1801 1870 sece-

1015 1888 1103 1919 runt
1130 1884 1196 1929 qui
1228 1893 1314 1919 eum
1342 1882 1623 1919 crucifixerunt.
1646 1883 1803 1927 Semper

1011 1930 1157 1984 judicat
1172 1932 1271 1966 Deus
1285 1940 1381 1975 opus
1395 1940 1439 1965 ex
1454 1928 1625 1975 nequitia
1640 1939 1801 1975 peccan-

1015 1977 1123 2023 tium,
1161 1988 1235 2013 non
1271 1988 1315 2013 ex
1341 1979 1479 2013 eventu
1513 1976 1800 2012 commodorum

1014 2024 1103 2061 inde
1130 2024 1448 2071 provenientium,
1471 2034 1555 2077 qufe
1588 2023 1670 2070 ipse
1700 2023 1800 2059 solus

1015 2072 1104 2108 facit
1135 2075 1171 2108 et
1203 2072 1346 2107 utiliter
1379 2070 1558 2118 disponit.
1595 2072 1641 2107 Ut
1672 2074 1799 2106 autem

1015 2119 1105 2155 dicit
1127 2120 1434 2164 chrysostomus.-
1464 2133 1482 2152 «
1505 2119 1579 2154 Per
1603 2118 1801 2154 scandali—

1015 2166 1134 2203 zantis
1175 2177 1353 2220 poenam,
1397 2167 1442 2203 111
1445 2176 1572 2202 avium
1619 2165 1799 2201 salvantis

1014 2214 1181 2250 addisce.
1199 2214 1276 2250 Nisi
1298 2213 1398 2250 enim
1415 2213 1525 2250 unius
1541 2212 1677 2249 311111133-
1699 2213 1800 2265 salus

1015 2261 1086 2298 sibi
1105 2261 1264 2298 nimium
1284 2272 1383 2297 curae
1405 2264 1518 2306 esset,
1541 2271 1619 2296 non
1641 2259 1798 2296 commi-

1014 2312 1171 2345 naretur
1192 2308 1535 2345 scandalizantibus
1558 2311 1703 2343 tantam
1725 2318 1800 2354 poe-

1014 2367 1115 2392 nam.
1137 2370 1154 2390 »
1176 2358 1220 2392 Et
1239 2356 1390 2401 merito,
1408 2367 1459 2391 vae
1481 2357 1622 2391 homini
1641 2356 1714 2396 illi,
1732 2366 1800 2401 pe}

1014 2415 1118 2450 quem
1140 2405 1358 2440 scandalum
1382 2406 1494 2447 venit,
1519 2403 1607 2448 quia
1632 2401 1732 2438 viam
1751 2402 1800 2454 ad

1014 2463 1069 2487 vae
1089 2451 1173 2488 aliis
1210 2450 1415 2498 praestruit.
1444 2450 1547 2486 Sicut
1582 2449 1696 2493 enim
1737 2448 1799 2502 qui

1014 2499 1199 2535 intoxica1
1202 2502 1239 2535 et
1253 2499 1410 2543 fontem,
1424 2508 1539 2534 causa
1554 2500 1653 2533 esset
1667 2480 1800 2532 11101113

1015 2546 1182 2600 omnium
1201 2546 1413 2593 potantium
1435 2549 1472 2581 et
1489 2543 1733 2580 morientium
1754 2543 1800 2579 de

1014 2605 1084 2638 eo3
1109 2593 1160 2629 316
1179 2597 1237 2630 θεῖ
1256 2597 1293 2629 et
1311 2593 1357 2629 de
1379 2592 1573 2629 scandalo.
1598 2593 1649 2627 De
1668 2591 1798 2636 hujus-

1014 2622 1116 2677 mo’di
1134 2641 1186 2677 sic
1201 2641 1293 2677 dicit
1308 2642 1529 2685 Greyorius:
1547 2652 1564 2673 «
1582 2639 1798 2683 Quantum—

1015 2699 1175 2742 cumque
1192 2689 1406 2742 exemplum
1423 2686 1531 2723 malae
1550 2684 1800 2736 conversatio

1015 2736 1089 2781 nis,
1112 2734 1262 2772 etiamsi
1283 2735 1338 2771 illi
1366 2745 1444 2771 non
1471 2735 1691 2784 sequantur,
1714 2730 1798 2776 quis

1014 2783 1234 2834 praebuerit,
1274 2794 1313 2819 se
1349 2793 1417 2831 pro
1456 2781 1570 2818 tantis
1609 2778 1794 2815 rationem
