1907 3139
162 213 215 246 1377.

156 288 246 332 gant
266 284 312 321 ab
331 295 389 324 eu,
409 294 477 320 nec
502 282 669 318 referunt
688 280 757 316 sibi
779 279 920 332 gratias
954 282 958 330 1

153 334 247 369 sicut
271 330 456 378 simplices
493 332 529 366 et
560 338 757 374 pauperes,
786 328 920 379 quibus
955 332 957 363 ἱ

148 383 200 417 tot
235 381 334 416 bona
366 389 441 414 non
473 376 642 413 contulit.
677 375 786 418 Quasi
812 374 919 409 dice-

144 430 229 464 rent
248 442 256 463 :
279 426 395 462 Labm
415 428 539 460 nostra
562 426 597 457 et
618 421 754 457 divitiae
775 433 796 455 a
818 422 921 455 nobis

144 478 240 512 sunt
266 475 347 519 quis
375 476 495 507 noster
518 471 690 506 Dominus
726 470 802 503 est?
838 469 920 513 lpse
954 475 957 519 J

145 526 270 558 autem
295 531 389 556 unus
407 517 548 564 gratias
563 516 707 561 agendo
730 518 765 550 in
787 514 919 567 faciem
954 541 956 583 Λ

147 568 293 611 cecidit,
317 567 405 612 quia
426 566 505 601 sula
524 568 650 599 unitas
673 562 844 597 Eccloffiae
863 572 920 596 ca-
954 597 956 604 ,

145 615 199 652 dit
216 614 398 650 infaciem
415 613 588 648 adorans.
608 611 696 644 lude
715 609 919 644 notandum
954 606 957 639 t

146 666 203 699 est
217 662 314 708 quod
329 660 553 706 quandoque
569 656 739 700 prostrati
752 666 918 700 oramus,
955 663 957 688 t

146 711 209 746 ubi
230 714 390 755 quatuor
408 704 679 753 praetendimus
699 715 706 738 :
727 703 921 755 infirmita3
955 704 959 746 ξ

146 760 220 793 tem
240 754 422 801 corporis,
442 753 529 798 quia
547 752 592 787 de
611 751 761 803 pulvere
783 753 920 802 sumpti
955 760 958 796 ζ

145 814 292 847 sumus3
314 801 571 837 infirmitatum
599 798 728 850 animi,
751 808 841 842 quia
860 808 919 832 ca-
956 804 957 850 ᾗ

146 861 228 886 sum
248 861 290 886 ex
317 848 439 892 nobis,
467 858 541 882 non
564 848 793 881 erectionem
812 854 833 879 a
853 854 920 879 no-
956 856 957 882 i

145 897 216 938 bis,
241 897 307 933 sed
328 907 350 932 a
370 898 444 931 Deo
466 895 667 936 habemus3
694 892 917 927 erubescen-
956 902 957 910 ¹

145 944 234 980 tiam
256 945 301 980 de
324 942 445 985 malis,
469 940 557 986 quia
582 950 659 985 prae
680 938 919 974 multitudine

142 995 384 1037 peccatorum
404 988 530 1025 oculos
556 987 603 1022 ad
638 988 774 1022 coelum
795 986 920 1037 levare

144 1049 219 1074 non
249 1038 454 1079 audemus,
490 1034 744 1080 prudentiam,
767 1042 854 1077 quia
882 1043 918 1067 in
955 1028 959 1061 Ι

142 1084 277 1120 faciem
296 1083 466 1119 cadimus
486 1087 522 1116 et
542 1080 715 1115 videmus
736 1079 801 1113 ubi
822 1078 919 1114 cadi-

144 1143 239 1175 mus,
258 1131 296 1166 id
329 1133 384 1165 est
417 1128 516 1174 quod
538 1127 576 1162 in
603 1125 763 1161 terrenis
795 1126 917 1170 attigi-

142 1189 240 1214 mur.
263 1176 494 1221 Quandoque
514 1185 614 1217 vcro,
628 1174 732 1208 flexis
745 1172 916 1217 genibus,

143 1229 182 1261 ut
203 1226 395 1268 Salomon,
419 1224 484 1258 sed
505 1224 629 1257 erecto
648 1220 768 1265 capite
792 1224 828 1254 et
846 1220 917 1255 ele·

143 1276 226 1307 vata
260 1271 352 1307 facie
392 1279 564 1311 ‹›rainu=‘;
605 1267 708 1312 quasi
753 1267 917 1301 dieentes

142 1330 209 1365 pro
231 1317 418 1354 desiderio
443 1317 574 1362 patriae
599 1327 608 1349 :
630 1315 746 1349 Tmhe
766 1324 819 1348 me
836 1317 918 1359 post

143 1370 188 1401 te.
205 1366 436 1410 Quandoque
455 1367 580 1399 autem
596 1365 737 1396 stantes
750 1372 915 1412 oramus,

143 1424 212 1448 nos
233 1424 335 1457 spem
356 1412 392 1447 iu
415 1409 629 1446 coelestibus
650 1408 789 1443 habere
810 1408 916 1443 dest-

142 1464 314 1506 gnantes,
342 1462 377 1495 et
413 1457 517 1504 quasi
556 1456 722 1490 dicentes
753 1457 917 1491 :Nostra

142 1509 365 1542 conversatio
388 1508 426 1540 z'n
446 1506 542 1539 coelis
565 1506 644 1543 οδω
667 1505 701 1537 et
727 1501 819 1536 illud
844 1513 851 1537 :
877 1504 916 1536 ln

142 1554 285 1589 domum
324 1553 469 1589 Domini
501 1551 671 1585 laetanics
698 1550 845 1583 ibimus.
875 1550 914 1583 ln

140 1601 261 1646 primo
289 1611 378 1646 ergo
400 1599 641 1643 exprimimus
661 1595 914 1631 conditionem

139 1651 327 1691 nostram3
350 1647 389 1683 in
404 1645 581 1687 secundo,
604 1642 854 1694 desiderium;
875 1642 912 1676 in

137 1694 264 1739 tertio,
294 1705 411 1741 spem.
442 1694 481 1727 ln
511 1700 731 1726 memoriam
765 1700 913 1734 quoque

137 1741 424 1777 resurrectionis
446 1738 647 1774 Dominicie
670 1741 836 1782 tompore
849 1738 911 1772 Pa-

137 1788 254 1824 schali
274 1794 310 1824 et
331 1789 462 1824 diebus
498 1783 705 1823 dominicis,
744 1784 912 1829 exemplo

137 1839 353 1872 sanctarum
389 1832 612 1875 mulierum,
649 1830 837 1865 inclinatis
872 1830 911 1865 in

138 1885 279 1918 terram
296 1882 469 1925 vultibus,
493 1889 658 1920 oramus,
683 1888 749 1912 nus
773 1881 912 1913 terram

137 1932 174 1964 et
194 1930 389 1975 pulverem
417 1938 499 1963 csse
526 1937 609 1962 cum
636 1925 825 1960 Abraham
854 1935 911 1960 re-

138 1976 317 2012 colentes.
346 1978 444 2012 Unus
471 1984 560 2019 ergo
592 1982 763 2023 ruvo-rsus
789 1971 827 2006 in
859 1972 910 2023 sa-

140 2022 235 2058 ciem
255 2024 302 2059 ad
323 2024 438 2069 pedes
457 2024 546 2058 Jesu
568 2019 716 2063 cecidit,
741 2029 783 2054 ac
804 2019 911 2053 nobis

140 2069 363 2106 humilitatis
392 2074 428 2105 et
450 2067 680 2115 poenitcutiae
700 2065 911 2110 exemplum

141 2117 320 2154 ostendit.
360 2116 479 2159 Unde,
519 2114 724 2150 secundum
761 2113 909 2153 Redemi,

139 2162 334 2200 infaciem
357 2163 471 2206 cadit,
504 2161 566 2206 qui
603 2161 648 2195 de
686 2159 911 2205 perpetratis
946 2188 948 2198 ,

141 2210 251 2248 malis
264 2209 463 2247 erubescit.
488 2208 539 2243 lbi
556 2207 655 2243 enlm
668 2207 778 2241 homo
797 2205 909 2250 cadit,

139 2255 190 2292 ibi
211 2256 464 2295 confunditur.
490 2254 556 2298 Qui
579 2254 617 2289 in
645 2253 777 2289 faciem
797 2253 908 2296 cadit,

138 2302 239 2341 videt
274 2316 346 2351 quo
376 2304 497 2343 cadat,
526 2300 588 2347 qui
626 2306 741 2345 retro,
764 2300 909 2344 lapsum

137 2364 245 2390 suum
267 2363 342 2388 non
363 2350 476 2386 videt.
498 2348 589 2384 Boni
608 2358 697 2393 ergo
717 2347 755 2382 in
778 2348 909 2382 faciem
944 2346 945 2388 l

137 2400 289 2442 cadunt,
314 2398 401 2444 quia
423 2395 622 2432 humiliant
649 2406 687 2429 se
720 2394 759 2429 in
780 2393 835 2429 his
856 2393 908 2428 vi·
943 2402 945 2443 g

135 2446 322 2489 sihilibus,
348 2447 387 2480 ut
407 2445 452 2479 ad
473 2441 677 2478 invisibilia
698 2440 905 2485 erigantur.
942 2445 944 2478 J

134 2493 217 2529 Mali
238 2496 337 2528 retro
358 2491 508 2532 caduut;
534 2499 621 2534 quia
639 2488 777 2523 cadunt
798 2487 835 2522 in
857 2488 909 2522 in-
941 2479 943 2527 l

134 2540 358 2582 visibilibus,
405 2536 465 2573 ubi
502 2536 611 2571 modo
651 2546 727 2570 non
765 2534 905 2577 vident,
940 2533 943 2579 t

134 2587 222 2633 quid
259 2597 324 2622 eos
358 2588 446 2620 tunc
482 2585 673 2628 sequatur.
705 2581 761 2616 Ad
792 2581 906 2626 pedes
940 2586 941 2622 ξ

132 2635 247 2670 etiam
266 2635 356 2669 Jesu
380 2629 491 2673 cadit,
514 2633 550 2665 et
569 2628 710 2673 gratias
734 2627 824 2673 agit,
844 2628 906 2673 qui
939 2638 941 2670 f

132 2693 172 2717 se
192 2682 240 2717 ad
263 2677 505 2726 percipienda
539 2676 603 2710 Dei
626 2675 809 2726 beneficia
835 2675 904 2726 hu-
938 2673 940 2719 t

132 2728 266 2771 miliat,
290 2726 352 2771 qui
389 2724 480 2760 nihil
517 2721 587 2758 sibi
616 2722 764 2757 virtutis
796 2725 902 2757 attri-
938 2721 940 2738 ⁵

132 2775 223 2819 buit,
247 2774 309 2820 qui
336 2774 436 2809 bona
462 2781 544 2816 quae
573 2770 698 2812 habet,
717 2769 762 2804 de
789 2768 900 2804 mise·
937 2775 938 2795 ἐ

131 2822 295 2858 ricordia
318 2819 383 2856 Dei
405 2829 444 2854 sc
471 2818 608 2853 habere
634 2815 819 2861 iutelligit.
844 2816 899 2850 Et.

624 209 828 244 SECrNbAE
868 207 1024 241 I'ARTIS
1063 208 1197 241 CAPUT
1238 208 1313 240 xlx

998 278 1205 315 secundum
1223 278 1395 315 eumdem
1413 279 1560 320 Bedam,
1584 279 1645 324 qui
1667 280 1774 320 devo-

999 329 1057 362 tus
1079 329 1165 362 ante
1184 325 1381 362 D··minum
1399 326 1545 369 cecidit,
1567 337 1720 371 surgere
1739 330 1771 362 et

998 372 1052 408 ire
1072 373 1301 419 praecipitur,
1323 373 1410 419 quia
1431 384 1490 418 qui
1515 373 1773 410 infirmitatem

997 431 1102 455 suam
1128 431 1335 465 agnoscens
1366 420 1557 455 humiliter
1581 421 1682 466 jafet
1708 432 1774 467 per

997 466 1109 502 divini
1141 466 1245 503 verbi
1272 468 1562 503 consolationem
1582 496 1590 509 ,
1620 479 1773 514 surgere

997 514 1043 549 ad
1065 513 1308 559 sortiatopera
1328 517 1377 557 et,
1399 514 1652 550 crescentibus
1673 526 1773 560 quo—

996 560 1086 596 tidie
1109 560 1262 603 meritis,
1283 562 1327 596 ad
1347 561 1613 606 persen-tionem
1634 562 1774 607 passim

997 608 1180 653 proficere
1203 608 1371 652 jubetur.
1401 609 1504 643 Hunc
1532 612 1656 643 autem
1680 609 1775 645 fides

999 655 1141 689 salium
1163 655 1263 697 facit,
1289 665 1398 699 quem
1420 655 1466 690 ad
1491 654 1630 700 gratias
1651 666 1774 701 agen-

999 701 1064 736 das
1080 701 1248 744 inclinat,
1266 705 1302 736 et
1318 712 1337 736 e
1355 705 1500 744 contra,
1519 701 1673 745 perfidia
1690 703 1775 738 illos

998 748 1165 791 damnat,
1183 748 1245 794 qui
1264 748 1309 783 de
1328 748 1488 794 acceptis
1509 748 1701 784 beneficiis
1716 749 1773 785 in-

998 795 1093 840 grati
1117 799 1215 839 sunt,
1238 798 1273 831 et
1297 796 1372 831 Deo
1399 796 1488 831 dare
1515 795 1674 841 gloriam
1701 808 1773 833 ne-

998 842 1157 888 gligunt.

1045 905 1062 935 7
1086 891 1375 925 Ixcmrmumxis
1397 902 1654 926 REPREHENSIO.
1672 892 1770 926 —In

955 930 958 950 ³
997 937 1066 972 hoc
1089 947 1177 983 ergo
1209 936 1369 982 capitulo
1390 936 1527 983 ingrati
1551 938 1596 973 de
1625 938 1772 974 benesi-

956 990 957 995 ’
997 982 1063 1019 ciis
1082 983 1409 1029 reprehenduntur
1429 995 1447 1019 a
1476 985 1649 1020 Domino.
1676 985 1771 1020 Mul-

997 1034 1076 1065 tum
1109 1034 1162 1065 est
1188 1030 1386 1066 laudabilis
1414 1031 1531 1067 virtus
1564 1031 1772 1077 gratitudo,

998 1081 1033 1113 et
1058 1077 1167 1113 valde
1188 1077 1428 1121 acceptabilis
1456 1079 1532 1114 Deo
1560 1078 1772 1124 gratIarum

997 1124 1108 1163 actio.
1138 1135 1181 1159 ac
1208 1124 1428 1160 detestabile
1450 1125 1579 1161 vitium
1610 1125 1772 1171 iugrati-

955 1175 956 1179 ’
997 1173 1099 1206 tudo.
1124 1171 1227 1207 Unde
1245 1173 1474 1215 Augustinus
1499 1185 1546 1207 :u
1577 1174 1671 1216 Quid
1692 1183 1771 1209 me-

997 1217 1068 1252 lius
1089 1218 1215 1253 animo
1238 1229 1427 1262 ⁴geramus,
1449 1224 1512 1255 aut
1533 1231 1597 1255 ore
1619 1230 1770 1265 proma-

998 1276 1093 1307 mus,
1115 1269 1177 1300 aut
1198 1265 1341 1300 calamo
1362 1265 1631 1310 exprimamus,
1658 1278 1771 1312 quam

997 1315 1035 1346 ut
1056 1313 1130 1347 Deo
1150 1311 1290 1357 gratias
1308 1313 1491 1357 agamus?
1512 1314 1588 1349 Hoc
1615 1324 1683 1349 nec
1701 1313 1775 1349 dici

996 1360 1160 1401 brevius,
1182 1370 1250 1394 nec
1270 1359 1330 1404 agi
1348 1360 1576 1395 fructuosius
1596 1364 1728 1404 potest.
1753 1374 1771 1395 »

995 1407 1038 1440 Et
1054 1406 1186 1441 iteruin
1201 1418 1208 1441 :
1223 1420 1239 1439 «
1253 1406 1334 1441 Scio
1347 1407 1444 1451 quod
1465 1407 1693 1452 ingratitudo
1703 1408 1774 1444 dis·

994 1453 1131 1498 pliceat
1150 1453 1231 1497 tibi,
1249 1464 1332 1498 quae
1354 1452 1457 1488 radix
1479 1459 1533 1490 est
1550 1454 1664 1490 totius
1684 1454 1771 1490 mali

994 1500 1213 1544 spiritualis,
1236 1505 1270 1535 et
1291 1504 1423 1535 ventus
1449 1512 1561 1536 urens
1583 1505 1620 1537 et
1653 1501 1772 1537 exsic-

994 1557 1195 1582 cansomne
1216 1548 1370 1589 bonum,
1401 1548 1602 1583 obstruens
1628 1548 1770 1584 sontem

993 1593 1132 1630 divinae
1148 1593 1412 1629 misericordiae
1434 1605 1546 1640 super
1563 1595 1770 1640 hominem,

993 1651 1065 1684 quo
1081 1644 1117 1676 et
1146 1641 1245 1676 mala
1276 1645 1421 1676 mortua
1447 1643 1524 1687 jam
1543 1642 1770 1687 moriuntur,

992 1698 1037 1721 uc
1058 1687 1150 1722 ultr.i
1170 1689 1269 1723 bona
1285 1687 1553 1733 adipiscantur.
1574 1703 1590 1722 »
1610 1690 1712 1725 Unde
1737 1693 1773 1725 et

990 1735 1200 1769 Bernardus
1217 1746 1224 1769 :
1244 1750 1261 1767 α
1278 1736 1440 1780 Dignum
1455 1741 1512 1771 est
1527 1747 1675 1780 semper
1691 1747 1772 1782 gra-

993 1781 1062 1816 tias
1083 1792 1209 1828 agere,
1234 1781 1322 1827 quia
1343 1784 1441 1818 Deus
1463 1793 1668 1828 numquam
1689 1784 1787 1819 ces?

991 1833 1047 1864 sat
1070 1829 1306 1864 benefacere.
1335 1844 1348 1861 »
1372 1830 1415 1864 Et
1436 1831 1567 1865 iterum
1593 1841 1600 1865 z
1626 1843 1642 1862 ι(
1663 1830 1770 1866 Disce

991 1875 1027 1910 in
1049 1876 1245 1911 referendo
1263 1876 1423 1922 gratiam
1444 1887 1517 1911 non
1538 1887 1619 1912 esse
1636 1877 1769 1913 tardus

990 1926 1053 1958 aut
1073 1922 1218 1968 segnis;
1236 1923 1337 1958 disce
1353 1925 1399 1959 ad
1414 1923 1556 1969 singula
1573 1924 1672 1960 dona
1686 1935 1767 1969 gra-

990 1969 1061 2005 tias
1081 1980 1206 2014 agere.
1228 1972 1442 2014 Diligenter,
1465 1970 1585 2016 inquit
1616 1970 1654 2006 in
1676 1972 1766 2007 Pro-

989 2017 1295 2061 verbiis,attenrle
1309 2028 1387 2061 (μαι)
1399 2020 1567 2062 apposita
1584 2021 1668 2053 sunt
1684 2017 1765 2062 tibi,

990 2067 1029 2099 ut
1043 2063 1144 2098 nulla
1163 2062 1333 2098 videlicet
1352 2064 1415 2098 Dei
1432 2065 1528 2099 dona
1545 2064 1670 2099 debita
1685 2076 1767 2110 gra-

989 2110 1126 2146 tiarum
1141 2109 1286 2145 actione
1304 2111 1542 2154 frustrentur,
1562 2122 1635 2146 non
1653 2122 1764 2156 gran-

989 2157 1065 2201 dia,
1090 2168 1165 2192 non
1188 2157 1405 2200 mediocria,
1432 2168 1506 2192 uon
1523 2157 1671 2202 pusilla.
1696 2159 1767 2194 De-

947 2206 948 2216 *
988 2204 1102 2250 nique
1132 2204 1309 2249 jubemur
1341 2204 1519 2249 colligere
1555 2207 1766 2251 fragmenta

989 2262 1036 2286 ne
1063 2256 1233 2296 pereant,
1255 2250 1293 2285 id
1311 2254 1367 2286 est
1389 2261 1457 2286 nec
1474 2250 1630 2287 minima
1648 2252 1769 2288 bene-x

989 2297 1075 2333 ficia
1110 2297 1291 2333 oblivisci.
1330 2297 1516 2343 Numquid
1554 2309 1629 2334 non
1667 2298 1765 2344 perit

988 2345 1087 2391 quod
1114 2344 1275 2380 donatur
1306 2344 1487 2390 ingrato?
1527 2345 1763 2392 lngratitudo

987 2391 1139 2427 inimica
1166 2397 1223 2427 est
1253 2390 1403 2435 animae,
1427 2391 1627 2427 exinanitio
1650 2392 1773 2428 meri-¹

986 2443 1125 2483 torum,
1148 2438 1325 2474 virtutum
1343 2438 1554 2484 dissipatio,
1574 2439 1762 2475 bonorum

987 2485 1182 2531 dispersio,
1204 2485 1476 2521 beneficiorum
1497 2485 1673 2531 perditio.
1697 2487 1758 2521 In-

986 2532 1173 2579 gratitudo
1195 2536 1251 2567 est
1269 2535 1400 2567 ventus
1423 2543 1534 2567 urens
1556 2535 1592 2568 et
1613 2531 1758 2568 siccans

985 2579 1055 2616 sibi
1090 2581 1229 2614 sontem
1259 2579 1424 2624 pietatis,
1452 2589 1577 2614 rorem
1603 2579 1757 2615 miseri-

983 2625 1120 2662 cordiae
1134 2653 1143 2670 ,
1165 2627 1304 2661 fluenta
1322 2626 1465 2671 gratiae.
1489 2639 1507 2658 »
1529 2626 1652 2669 Qualis
1672 2636 1760 2662 vero

984 2673 1119 2709 debeat
1151 2683 1233 2708 esse
1265 2672 1473 2718 gratiarum
1505 2672 1624 2713 actio,
1653 2673 1761 2708 docet

985 2719 1083 2756 idem
1106 2720 1324 2759 Bernartius,
1348 2719 1474 2755 dicens
1494 2731 1502 2755 :
1527 2732 1545 2753 α
1567 2720 1647 2755 Non
1675 2722 1757 2755 tan-

985 2771 1064 2803 tum
1088 2767 1200 2802 verbo
1241 2770 1276 2802 et
1309 2767 1451 2812 lingua,
1475 2766 1539 2802 sed
1574 2776 1684 2812 opere
1719 2768 1755 2801 et

936 2819 937 2825 ¹
985 2813 1142 2850 veritate
1156 2812 1396 2849 exhibeamus
1412 2812 1659 2859 nosmetipsos
1672 2822 1753 2858 gra*
