1907 3139
119 199 177 231 382
749 197 888 231 INDEX
926 195 1130 231 CAPITUM.

243 314 393 351 CAPUT
411 314 470 351 LI.
491 330 537 340 -ε
562 316 612 350 De
637 314 779 350 Pascha
804 315 836 349 et
858 310 1016 350 diversis
1042 312 1152 359 hujus
1170 314 1328 349 nominis
1347 314 1629 360 acceptionibus.

155 428 165 449 ι
192 412 360 450 Christus
395 416 452 450 est
506 414 696 461 exemplar
744 413 783 449 in
838 458 848 460 „
998 416 1020 457 4
1041 410 1283 449 Tradentium
1304 412 1493 450 Christum
1513 414 1632 450 diver-

174 464 303 497 monte
323 464 588 498 monstratum.
832 462 900 495 516
1025 471 1076 496 sae
1097 460 1324 496 voluntates.

150 521 168 543 2
190 508 283 544 Tota
302 507 379 544 vita
400 508 536 545 Christi
554 508 678 555 passio
700 505 781 542 fuit.
833 509 899 552 517
1002 510 1021 542 5
1042 508 1121 543 Vox
1141 507 1286 543 Pascha
1302 506 1549 544 multifariam
1569 518 1631 544 ac—

153 557 173 589 5
193 554 398 600 Specialius
414 559 541 592 tamen
563 554 671 590 nobis
685 564 782 600 prae-
1026 551 1175 600 cipitur.

171 599 235 637 bet
254 601 294 637 in
315 603 492 638 Passmne
515 612 583 637 sua
604 601 784 637 virtutum
1001 605 1020 637 6
1032 602 1104 638 Cur
1116 602 1261 637 Pascha
1273 600 1634 637 dicaturtransitus‘?

174 649 384 695 exemplum
411 652 447 685 et
477 648 653 685 vitiorum
679 648 784 684 anti-
1001 664 1020 695 7
1043 647 1200 684 Reditus
1241 648 1379 685 Christi
1416 648 1456 684 in
1494 649 1633 684 Betha-

174 693 316 732 dotum.
835 698 902 741 517
1024 695 1126 731 niam
1147 696 1245 741 apud
1266 697 1459 732 Lazarum.

362 808 510 843 CAPUT
532 808 605 844 LII.
636 828 663 832 -κ
695 808 774 851 Qua
789 808 849 844 die
869 811 903 844 et
921 819 985 845 cur
1000 807 1118 844 Judas
1137 782 1306 844 pendidit
1322 809 1528 844 Dominum.

154 918 164 938 1
199 901 407 939 Concilium
442 899 719 937 Pharisaeorum
755 904 791 937 et
1005 903 1025 944 4
1046 899 1132 936 Tria
1171 901 1399 937 documenta
1434 899 1593 936 moralia
1621 910 1640 936 e

180 948 398 994 Principum
417 948 655 984 sacerdotum
672 949 718 984 de
731 950 791 985 Je-
1026 947 1247 984 venditione
1261 948 1398 985 Christi
1420 948 1635 983 trahuntur.

180 1007 225 1032 su
244 997 410 1031 tenendo
437 999 475 1030 et
495 994 715 1031 occidendo.
844 998 908 1031 521
1003 998 1022 1030 5
1045 994 1140 1037 Quid
1164 997 1375 1041 recogitare
1402 995 1515 1031 debet
1538 993 1641 1029 Chri-

157 1058 173 1079 2
198 1045 358 1080 Satanas
374 1041 491 1078 intrat
509 1041 547 1077 in
569 1042 795 1089 Judam‚qui
1029 1042 1173 1078 stianus
1228 1044 1323 1079 hanc
1378 1041 1638 1079 venditionem

178 1089 333 1135 triginta
353 1088 545 1136 argenteis
574 1090 795 1136 Magistrum
1030 1088 1247 1126 meditans?

180 1136 322 1173 vendit.
845 1139 913 1172 522
1007 1139 1028 1171 6
1046 1136 1278 1182 Ingratitudo
1297 1137 1527 1173 Judaeorum.

158 1188 178 1221 5
197 1185 349 1230 Mystice
368 1182 522 1230 quinam
540 1183 613 1219 sint
626 1185 645 1221 J
651 1183 733 1220 udae
751 1184 796 1222 si-
1007 1196 1026 1229 7
1049 1183 1194 1219 Minora
1235 1187 1389 1229 peccata
1423 1182 1643 1230 repellenda

182 1232 320 1268 miles?
845 1232 913 1267 525
1031 1234 1133 1266 sunt.

300 1343 452 1380 CAPUT
473 1344 563 1380 LIII.
582 1363 627 1371 -
647 1343 840 1381 Meditatio
861 1346 900 1380 in
916 1345 1051 1392 primis
1071 1347 1232 1391 vesperis
1252 1344 1296 1380 de
1315 1353 1414 1380 eoena
1431 1342 1590 1380 Domini.

160 1455 171 1476 l
197 1438 368 1486 Quinque
394 1437 652 1485 principaliter
674 1439 714 1474 in
738 1439 796 1475 ul-
1011 1444 1032 1483 4
1054 1441 1273 1476 Necessaria
1301 1438 1348 1475 ad
1369 1437 1644 1475 comedendum

155 1513 161 1516 -
183 1487 276 1523 tima
289 1496 396 1523 coena
406 1485 805 1530 meditanda‚totidem
1033 1497 1173 1531 agnum
1197 1486 1428 1533 paschalem.

186 1532 372 1580 capitibus
393 1534 648 1570 absolventur.
846 1536 913 1569 525
1011 1535 1030 1568 5
1054 1533 1288 1570 Desiderium
1314 1532 1450 1569 Christi
1482 1533 1643 1569 mandu-

164 1595 181 1616 2
204 1583 284 1617 Duo
314 1581 513 1616 mittuntur
548 1577 719 1626 Apostoli
750 1580 798 1616 ad
1034 1580 1143 1617 candi
1158 1582 1227 1617 hoc
1241 1580 1399 1624 Pascha,
1416 1585 1453 1616 et
1466 1579 1645 1627 legalium

185 1627 475 1674 praeparandum
497 1627 743 1663 coenaculum.
847 1629 915 1663 526
1034 1631 1119 1674 post
1140 1627 1358 1663 Passionem
1383 1626 1594 1673 abrogatio.

166 1678 186 1710 5
208 1676 292 1718 Cur,
312 1675 417 1720 juxta
442 1672 602 1720 Legem,
623 1675 717 1710 hora
734 1685 796 1710 ve—
1013 1677 1032 1709 6
1053 1675 1295 1711 Conditiones
1311 1673 1503 1719 requisitae
1521 1673 1568 1709 ad
1589 1683 1648 1709 co-

187 1721 355 1769 spertina
374 1720 561 1757 immolari
581 1720 743 1757 debebat
763 1731 799 1757 a·
1038 1722 1267 1758 medendum
1306 1731 1444 1767 agnum
1479 1720 1646 1768 typicum

187 1779 285 1816 gnus
303 1767 521 1815 paschalis?
848 1771 915 1814 527
1037 1779 1125 1804 vero
1147 1770 1254 1815 Agno
1275 1768 1524 1815 apphcantur.

423 1879 573 1915 CAPUT
593 1880 681 1916 LIV.
707 1899 752 1905 —
772 1882 822 1916 De
841 1881 1027 1918 ablutione
1042 1881 1178 1928 pedum
1195 1882 1477 1928 Discipulorum.

170 1990 181 2011 1
207 1973 364 2010 Dilectio
379 1972 517 2010 Christi
531 1983 622 2019 erga
641 1972 802 2021 discipu·
953 1979 955 2005 ἰ
1017 1977 1037 2010 6
1053 1975 1127 2011 Cur
1143 1975 1379 2011 solummodo
1399 1974 1515 2021 pedes
1534 1974 1646 2011 disci-

188 2022 258 2057 los.
850 2024 919 2057 550
1039 2022 1212 2067 pulorum
1231 2022 1364 2058 laverit
1384 2021 1565 2058 Dominus
1578 2023 1595 2057 ἰ)

169 2082 186 2104 2
204 2067 374 2105 Christus
393 2067 513 2113 surgit
525 2078 547 2103 a
566 2078 674 2104 coena
687 2068 803 2115 pedes
1017 2083 1036 2115 7
1060 2070 1220 2106 Lavatur
1238 2072 1275 2106 et
1297 2071 1375 2116 ipse
1388 2069 1505 2106 Judas
1524 2068 1650 2115 prodi-

187 2114 380 2161 discipulis
401 2115 606 2151 lavaturus.
847 2119 918 2152 550
1042 2118 1115 2151 tor.

164 2165 184 2198 5
206 2162 380 2199 Vestibus
409 2162 604 2209 depositis,
625 2160 741 2199 linteo
763 2173 803 2200 se
1017 2165 1038 2198 8
1059 2163 1154 2206 Quid
1172 2163 1327 2209 mystice
1346 2163 1471 2210 signat
1491 2162 1650 2200 vestium

192 2207 400 2255 praecingit.
852 2213 915 2247 551
1041 2211 1323 2257 reassumptio‘?

169 2260 191 2300 4
207 2257 338 2292 Petrus
355 2254 519 2302 primum
538 2255 721 2292 lotionem
741 2268 802 2293 re-
1019 2271 1039 2304 9
1059 2257 1149 2293 Cum
1171 2259 1269 2295 sacta
1296 2258 1380 2304 plus
1403 2268 1515 2304 quam
1536 2258 1651 2294 verba

194 2302 445 2349 sugit,sed‚ei
466 2303 723 2340 comminante
736 2306 805 2341 Do·
1042 2309 1234 2351 moveant,
1274 2305 1442 2343 Christus
1476 2315 1544 2351 per
1581 2305 1653 2340 hoc

195 2351 296 2386 mino
320 2377 329 2394 ,
370 2352 491 2386 mutat
529 2350 728 2388 consilium
766 2352 803 2387 in
1042 2351 1233 2400 discipulis
1253 2353 1463 2399 exemplum
1485 2352 1575 2388 dure
1591 2362 1650 2387 vo-

195 2397 344 2433 melius,
855 2401 919 2434 551
1043 2399 1126 2435 luit.

174 2448 192 2480 5
217 2443 538 2496 Perssaptismum
571 2448 671 2481 totus
694 2445 807 2481 homo
1000 2459 1040 2480 10
1061 2447 1190 2483 Modus
1216 2446 1396 2493 implendi
1420 2448 1650 2492 praeceptum

194 2491 372 2528 abluitur.
852 2495 921 2528 555
1043 2493 1194 2530 Domini
1215 2494 1262 2530 de
1283 2493 1425 2530 lotione
1443 2493 1595 2540 pedum.

300 2605 450 2642 CAPUT
476 2605 548 2641 LV.
576 2606 627 2641 De
649 2606 845 2642 caritativa
864 2607 1084 2644 correctione
1099 2606 1302 2653 proditoris
1321 2609 1354 2642 et
1371 2617 1515 2651 egressu
1533 2607 1624 2652 ejzts.

179 2714 189 2734 ι
218 2697 396 2735 Turbatio
434 2697 572 2734 Christi
624 2697 809 2745 proditio·
1036 2713 1052 2736 2
1076 2699 1332 2736 Praedicendae
1358 2698 1471 2747 huJus
1493 2699 1652 2748 proditi-

203 2755 286 2782 nem
305 2745 413 2782 Judae
432 2744 630 2782 Iscariotes
650 2745 810 2792 discipu·
1046 2748 1127 2783 onis
1147 2757 1284 2784 causae.

1682 462 1750 506 319

1681 556 1750 600 519

1683 603 1750 636 52ο

1684 696 1751 729 520

1689 948 1757 981 525

1691 1089 1758 1129 524

1691 1135 1759 1177 524

1692 1228 1760 1264 525

1692 1485 1712 1520 Οἱ

1718 1498 1735 1520 KQ

1741 1499 1759 1530 χ1

1743 1628 1762 1660 8

1695 1626 1714 1661 02

1721 1640 1737 1662 »0

1695 1766 1763 1802 526

1697 2024 1764 2058 555

1697 2118 1763 2159 554

1699 2213 1766 2246 555

1699 2401 1767 2434 555

1699 2494 1767 2528 556

1699 2749 1770 2784 558

201 2791 247 2829 lis
264 2792 485 2829 nuntiantis.
844 2796 927 2840 -557
1023 2797 1042 2830 5
1060 2793 1334 2841 Discipulorum
1346 2794 1538 2841 moestitia,
1552 2793 1654 2832 Chri·
1699 2801 1702 2804 ’
