1907 3139
582 204 631 238 til]
671 205 829 239 Tltltttls
870 203 1070 240 PARABOL
1085 202 1140 236 [S.

121 278 259 324 optime
282 275 428 312 bonitas
450 274 627 319 hominis,
656 277 805 322 quando
828 277 898 313 sci-
930 278 934 296 ³

120 325 206 361 licet
228 324 391 360 libenter
412 323 512 359 videt
537 325 839 360 emendationem
864 328 900 361 et

119 371 392 408 correctionem
422 370 561 406 fratris.
587 372 692 407 Unde
715 373 896 416 Auqusti-

117 430 197 457 nus:
213 432 230 452 «
252 418 351 454 Nihil
370 418 423 454 ita
440 419 576 464 probat
593 419 832 463 spiritualem
843 420 897 455 vi-

115 477 213 510 rum,
250 466 347 502 sicut
386 467 530 512 peccati
572 466 685 503 alieni
724 468 894 512 curati03

116 523 199 549 cum
216 512 482 550 liberationem
504 513 628 559 potius
651 525 764 560 quam
782 516 898 551 insul-

116 561 315 605 tationem,
347 560 470 606 potius
491 561 632 597 auxilia
663 573 777 608 quam
800 574 896 598 con-

115 608 206 644 vitia
225 609 452 649 meditatur:
478 612 713 654 etquantum
737 610 896 646 facultas

119 655 265 700 tribuit,
280 656 449 703 suscipit.
468 669 485 689 »
506 656 573 691 Ubi
591 658 870 701 chrysostomus
887 669 894 693 :

117 716 135 737 «
165 705 250 740 Haec
291 715 379 750 ergo
419 705 603 750 parabola
643 706 690 740 ad
729 706 799 740 hoc
841 709 898 741 est

118 753 336 797 composita,
354 754 451 796 quod
472 756 689 797 peccatores
709 763 785 788 non
804 752 899 788 ditri-

118 798 208 834 dant
248 799 399 843 reverti,
430 799 591 835 scientes
624 801 723 845 quod
762 811 898 846 magna

119 850 428 891 consequentur;
449 848 548 882 unde
578 846 783 882 introducit
803 848 897 883 alios

118 894 291 929 turbatos
310 893 348 929 in
370 904 502 929 eorum
527 893 651 938 bonis,
673 905 749 930 non
778 899 817 929 ot
833 895 896 941 ju-

118 940 216 976 dicet
229 952 290 976 eos
311 940 430 976 livore
446 942 698 986 tabescentes,
715 942 777 977 sed
791 945 896 977 tanto

116 987 252 1024 decore
271 989 479 1024 honoratos
493 989 710 1033 redeuntes,
726 992 764 1025 ut
780 989 896 1025 etiam

118 1034 295 1071 invidiosi
328 1035 474 1082 possint
506 1035 589 1071 aliis
621 1036 726 1072 ficri:
751 1049 768 1069 »
815 1038 897 1072 haec

119 1083 405 1127 chrysostomus.
422 1083 526 1119 Unde
538 1083 626 1119 dicit
638 1086 674 1119 ct
683 1086 892 1128 Dionysius:

118 1142 137 1164 «
181 1132 274 1166 Vere
315 1130 490 1176 optimus.
537 1133 573 1166 et
612 1131 895 1177 superoptimus

114 1178 224 1213 Jesus
245 1177 426 1221 Christus,
446 1177 509 1223 qui
528 1178 778 1214 redeuntibus
795 1190 896 1214 ama-

117 1224 231 1260 bilem
255 1235 294 1260 se
315 1225 485 1268 exliibet;
510 1225 775 1261 accedentibus
803 1237 893 1271 quo-

117 1282 188 1318 que
209 1272 369 1308 occurrit
391 1276 427 1307 ct
444 1272 569 1308 obviat
587 1286 595 1317 ;
619 1277 655 1308 et
680 1276 782 1308 totus
798 1277 896 1309 totos

117 1319 349 1365 amplectens
384 1320 547 1363 salutat3
572 1325 608 1355 et
643 1320 680 1355 in
715 1321 893 1356 humeros

118 1367 229 1410 tollit,
249 1377 344 1413 quos
370 1367 429 1402 vix
455 1368 501 1403 ab
525 1378 654 1403 errore
682 1367 890 1411 convertit;

117 1424 187 1449 nec
214 1414 260 1449 de
295 1414 482 1459 prioribus
515 1414 599 1450 illos
638 1418 802 1459 accusat,
829 1415 893 1450 sed

118 1460 217 1497 diem
246 1462 378 1497 festum
398 1463 488 1507 agit,
512 1465 548 1497 et
585 1462 727 1498 amicos
753 1473 893 1498 convo-

117 1512 190 1554 cat,
209 1514 260 1554 et,
292 1513 332 1544 ut
353 1509 396 1544 fit
412 1510 580 1544 omnium
595 1509 805 1545 laetantium
824 1510 891 1545 ha-

119 1556 265 1600 bitudo,
300 1556 462 1602 optimos
501 1567 649 1602 quoque
671 1557 833 1599 Angelos
854 1557 892 1592 in

121 1603 291 1639 laetitiam
319 1602 495 1639 suscitat:
519 1617 535 1637 »
562 1604 642 1639 haec
679 1606 890 1649 Dionysius.

121 1650 296 1694 Quotidie
317 1652 414 1686 Deus
439 1650 558 1686 tilium
592 1651 724 1697 recipit
764 1663 893 1687 rever-

119 1701 273 1740 tentem,
296 1698 382 1734 dum
416 1699 621 1743 quemlibet
656 1702 893 1744 peccatorem

117 1745 249 1791 recipit
270 1745 514 1791 poeniteuletn
535 1757 543 1789 3
572 1749 609 1782 et
627 1746 699 1781 alia
721 1746 892 1790 supradi-

117 1796 176 1828 cta
212 1793 310 1828 circa
348 1804 433 1828 eum
465 1793 566 1837 sacit,
604 1793 692 1828 dnm
732 1793 893 1838 gratiam

119 1850 230 1885 quam
252 1841 287 1875 iu
318 1840 505 1886 Baptismo
528 1845 734 1884 receperat,
772 1843 807 1875 et
827 1851 894 1886 pcr

117 1889 266 1933 culpam
282 1888 512 1933 perdiderat,
534 1887 671 1923 iterum
692 1887 746 1922 illi
766 1886 892 1923 reddi-

120 1934 186 1971 dit.
209 1934 328 1980 Igitur
348 1945 421 1969 non
449 1935 628 1970 debemus
648 1935 802 1970 fratrem
823 1946 892 1970 no-

120 1985 239 2017 strum
275 1984 510 2028 peccatorem
549 1987 805 2025 contemnere,
835 1983 891 2018 vel

119 2029 407 2074 derelinquere;
436 2030 502 2064 sed
525 2032 777 2065 revertentem
808 2030 892 2065 dul-

119 2077 211 2111 citer
245 2076 427 2122 recipere,
468 2087 511 2112 ac
554 2076 750 2112 caritatem
794 2076 893 2112 circa

120 2134 204 2159 eum
224 2124 437 2168 ostendere,
460 2128 497 2159 ct
523 2125 685 2171 benigne
705 2127 889 2160 tractare:

120 2182 166 2206 ne
190 2171 360 2207 Salvator
380 2174 507 2206 noster
532 2171 649 2207 iratus
676 2183 746 2207 nos
771 2182 895 2215 pecca-

119 2221 220 2254 tores
240 2218 372 2253 merito
397 2223 627 2263 contemnat,
650 2222 686 2254 et
703 2219 802 2265 juste
830 2220 892 2254 ‹le-

119 2265 320 2311 relinquat.
344 2266 548 2301 Considera
576 2277 675 2302 nunc
708 2269 891 2312 quantum

120 2320 298 2358 operatur
322 2313 558 2358 poenitentia,
593 2317 628 2349 et
667 2319 808 2358 quanta
847 2315 894 2348 sit

119 2370 216 2396 circa
243 2360 468 2406 prenitentes
510 2360 574 2396 Dei
618 2360 890 2396 misericordia.

120 2408 223 2443 Unde
249 2409 457 2443 Bernartius
477 2420 486 2442 :
510 2422 527 2440 «
547 2408 574 2444 Ο
600 2408 684 2443 felix
705 2408 892 2454 poeniten-

122 2455 212 2490 tium
239 2454 451 2490 humilitas!
476 2454 503 2490 Ο
534 2455 632 2491 bona
669 2466 752 2501 spes
779 2456 893 2490 confi-

120 2501 277 2537 tentium
296 2502 303 2538 l
329 2513 439 2547 quam
462 2501 569 2538 facile
598 2503 714 2538 vincis
735 2502 891 2538 invinci—

122 2548 250 2594 bilem,
275 2559 385 2595 quam
409 2548 481 2584 cito
513 2550 803 2586 tremebundum
826 2551 892 2585 vJu-

121 2596 245 2631 dicem
289 2598 475 2632 convertis
519 2597 554 2631 in
590 2596 779 2642 piisimum
821 2598 892 2631 Pa-

121 2643 232 2678 trem!
252 2656 270 2674 »
289 2644 332 2678 Et
349 2643 487 2678 iterum
503 2655 510 2679 :
525 2656 541 2675 «
563 2644 590 2679 Ο
610 2655 692 2688 quae
714 2648 747 2679 ct
770 2644 892 2689 qualis

124 2693 159 2725 et
178 2693 317 2735 quanta
338 2694 393 2725 est
416 2689 672 2727 misericordia
701 2690 779 2733 Dei,
810 2701 892 2735 qua}

127 2741 363 2783 peccatorem
406 2748 626 2774 conversum
662 2750 735 2774 non
771 2737 893 2773 minus

123 2784 259 2830 diligit,
274 2794 384 2829 quam
405 2795 489 2828 eum
508 2784 570 2830 qui
592 2786 737 2821 nullam
753 2785 894 2831 peccati

124 2832 311 2872 maculam
334 2833 534 2868 contraxit!
547 2846 565 2863 »
584 2833 891 2872 haeelternardus,

1181 202 1257 234 E'l'tl
1275 224 1280 230 .

1025 291 1063 323 17
1085 275 1314 311 RELATIONES
1337 285 1378 310 ET
1406 286 1490 310 mitt
1515 286 1745 311 coxconnm-

972 336 1031 360 TIA
1049 335 1156 359 TRIUM
1172 334 1292 358 imiimi
1308 333 1579 357 PARABOLARUM.
1600 344 1644 349 —
1659 325 1747 359 Tres

972 372 1089 418 igitur
1109 371 1297 416 parabolae
1318 381 1390 404 uno
1410 370 1482 404 sinc
1505 370 1742 414 clauduntur,

972 420 1017 455 de
1050 420 1187 465 quibus
1208 418 1428 453 Ambrosius
1466 417 1519 452 sic
1557 417 1742 462 loquitur:

974 480 990 500 «
1014 468 1094 502 Non
1115 467 1234 501 otiose
1255 468 1406 500 sanctus
1426 465 1543 499 Lucas
1561 474 1603 499 ex
1619 466 1750 499 ordine

1708 205 1725 234 s)
1730 207 1734 231 ζ
1738 202 1746 233 i

971 518 1048 550 tres
1074 513 1274 560 parabolas
1295 513 1442 558 posuit:
1459 510 1536 546 ovis
1556 522 1638 556 quac
1663 522 1749 557 pcr-

971 561 1080 605 ierat,
1123 564 1159 597 et
1180 560 1333 595 inventa
1352 564 1408 595 est
1430 570 1438 603 ς
1459 558 1641 594 drachma
1665 570 1750 604 quae

972 609 1150 655 perierat,
1171 612 1206 643 ct
1239 606 1392 642 inventa
1427 611 1511 649 est3
1552 605 1653 640 filius
1687 605 1749 650 qui

972 661 1053 692 erat
1079 659 1267 698 mortuus,
1290 659 1327 690 et
1353 653 1512 690 revixit.-
1548 656 1588 688 ut
1611 652 1747 698 triplici

972 704 1095 740 medio
1117 703 1309 750 provocati
1338 702 1495 737 vulnera
1524 703 1654 736 nostra
1689 712 1748 735 cu-

971 762 1112 787 remus.
1143 752 1319 796 Spartam
1358 749 1458 784 enim
1500 747 1635 792 triplex
1672 758 1746 782 non

971 802 1249 844 corrumpetur.
1261 796 1328 840 Qui
1346 795 1503 831 suntisti
1516 796 1533 831 ‘J
1549 797 1672 835 Pater,
1685 806 1747 840 pa-

971 852 1063 887 stor,
1086 849 1123 881 et
1144 844 1291 881 mulier.
1315 845 1443 879 Nonne
1467 844 1578 886 Deus,
1604 843 1714 878 Pater
1734 843 1751 877 ’ἶ

971 893 1154 937 Christus,
1182 894 1313 927 Pastor
1334 891 1351 926 ⁸?
1363 890 1510 935 Mulier,
1543 890 1710 925 Ecclesia
1731 890 1749 924 ⁶?

971 940 1137 977 Christus
1166 943 1202 975 te
1225 939 1263 974 in
1288 949 1445 985 corpore
1482 948 1548 974 suo
1587 937 1747 981 revehit,

971 989 1033 1031 qui
1052 991 1115 1022 tua
1136 986 1176 1022 in
1195 997 1234 1022 se
1252 989 1402 1030 peccata
1420 986 1595 1031 suscepit,
1613 984 1751 1029 qufflrit

971 1035 1151 1079 Ecclesia,
1171 1033 1303 1077 recipit
1328 1035 1463 1077 Pater3
1486 1032 1594 1078 quasi
1614 1033 1748 1067 Pastor

971 1082 1129 1127 revehit,
1158 1080 1265 1127 quasi
1285 1080 1421 1116 mulier
1447 1080 1616 1125 inquirit,
1641 1080 1747 1124 quasi

973 1131 1085 1166 Pater
1118 1128 1228 1165 vestit
1249 1140 1258 1173 ;
1305 1129 1425 1173 prima
1472 1126 1745 1173 misericordia,

972 1177 1138 1213 secunda
1164 1176 1399 1220 suffragatio,
1438 1175 1552 1209 tertia
1576 1173 1745 1210 reconci-

971 1224 1089 1260 liatio.
1130 1223 1286 1268 Singula
1341 1222 1498 1267 singulis
1543 1221 1744 1267 quadrant.

972 1272 1202 1316 Redemptor
1235 1269 1422 1312 subvenit,
1453 1268 1566 1304 ctiam
1607 1269 1744 1304 suffra-

970 1324 1095 1364 gatur,
1118 1322 1251 1354 auctor
1287 1316 1568 1353 reconciliatur.
1601 1317 1743 1351 Eadem

970 1366 1106 1402 divinae
1142 1364 1264 1411 operis
1291 1363 1568 1406 misericordia,
1592 1363 1658 1398 sed
1686 1362 1740 1397 di-

969 1424 1076 1449 versa
1094 1424 1161 1459 pro
1182 1411 1326 1447 meritis
1344 1410 1483 1446 nostris
1504 1411 1638 1455 gratia.
1661 1409 1746 1445 Ovis

968 1471 990 1497 a
1019 1464 1165 1506 pastore
1198 1460 1294 1495 lassa
1326 1461 1537 1501 revocatur,
1565 1457 1746 1493 drachma

969 1519 1052 1552 quae¹
1086 1506 1252 1554 perierat
1271 1506 1477 1549 invenitur,
1516 1505 1564 1540 ad
1602 1508 1746 1550 patrem

968 1555 1068 1591 filius
1095 1555 1170 1590 suis
1206 1553 1372 1600 vestigiis
1408 1552 1520 1597 redit,
1562 1556 1598 1588 et
1636 1553 1748 1598 plena

969 1601 1209 1638 condemnati
1231 1600 1369 1638 erroris
1390 1601 1604 1646 regreditur
1624 1598 1746 1645 poeni-

968 1651 1100 1685 tentia.
1122 1649 1217 1685 Oves
1236 1659 1378 1692 sumus,
1403 1658 1554 1682 oremus
1576 1650 1616 1682 ut
1635 1657 1746 1692 super

969 1708 1107 1742 aquam
1128 1697 1346 1731 refectionis
1371 1706 1437 1730 nos
1477 1694 1663 1729 collocare
1696 1693 1748 1728 di-

969 1748 1120 1790 gnetur,
1151 1754 1254 1786 oves,
1296 1744 1466 1788 inquam,
1492 1752 1635 1784 sumus,
1671 1751 1741 1786 pa-

970 1802 1060 1828 scua
1078 1798 1252 1837 petamus
1270 1802 1277 1834 ;
1299 1790 1481 1826 drachma
1507 1799 1651 1832 sumus,
1671 1789 1741 1823 ha-

968 1840 1126 1875 beamus
1166 1837 1327 1884 pretium
1354 1849 1362 1880 ;
1402 1837 1469 1871 tilii
1507 1846 1651 1880 sumus,
1696 1836 1744 1871 ad

969 1888 1118 1921 Patrem
1152 1885 1275 1920 redire
1311 1884 1553 1926 festinemus3
1577 1893 1646 1917 nec
1680 1893 1748 1918 ve—

968 1944 1077 1969 reare
1096 1944 1142 1968 ne
1164 1937 1201 1968 te
1223 1943 1297 1967 non
1327 1930 1497 1974 recipiat.
1526 1932 1606 1965 Non
1644 1930 1745 1965 enim

969 1981 1179 2016 delectatur
1206 1980 1302 2015 Deus
1323 1977 1535 2025 perditione
1558 1977 1743 2014 vivorum.

969 2029 1051 2063 Jam
1073 2037 1277 2063 occurrens
1290 2024 1457 2061 venienti
1478 2024 1543 2060 tibi
1563 2024 1673 2060 cadet
1683 2035 1745 2059 su-

995 2086 1036 2111 er
1059 2075 1216 2110 collum:
1236 2074 1528 2115 Dominuslenim
1551 2073 1660 2115 eriyit
1687 2073 1747 2106 eli-

969 2133 1039 2158 303.
1062 2121 1369 2164 Osculumdabit,
1390 2120 1489 2166 quod
1519 2122 1575 2155 est
1608 2119 1746 2165 pignus

970 2169 1122 2213 amoris3
1140 2168 1290 2211 stolam,
1304 2170 1500 2211 annulum,
1514 2168 1744 2202 calceamen-

969 2222 1007 2253 ta
1023 2215 1181 2263 proferri
1198 2213 1744 2261 jubebit.Tuadtiucinjuriam

970 2265 1106 2300 metuis
1144 2263 1205 2299 ille
1224 2262 1389 2298 restituit
1409 2261 1630 2307 dignitatem
1651 2261 1657 2296 l
1689 2263 1742 2297 Tu

969 2310 1192 2357 supplicium
1214 2309 1369 2354 vereris,
1395 2310 1456 2345 ille
1484 2308 1651 2345 osculum
1674 2308 1739 2343 de-

968 2359 1068 2395 fertl
1095 2360 1148 2394 Tu
1183 2357 1388 2393 convitium
1426 2356 1549 2400 times,
1584 2356 1744 2391 adornat

967 2405 1030 2442 ille
1051 2405 1286 2442 convivium!
1312 2404 1431 2441 Facile
1462 2403 1740 2447 reconciliatur,

968 2453 1118 2499 quando
1137 2452 1285 2488 intense
1308 2456 1476 2497 rogatur.
1511 2451 1597 2486 Ideo
1619 2450 1740 2485 disca-

967 2511 1064 2541 mus,
1107 2500 1207 2546 quali
1248 2502 1370 2543 Pater,
1393 2497 1654 2534 obsecratione
1693 2496 1741 2532 sit

966 2547 1205 2584 ambiendus.
1229 2549 1352 2590 Pater,
1379 2545 1512 2591 inquit,
1534 2555 1645 2590 quam
1670 2543 1738 2579 mi-

968 2595 1142 2639 sericors,
1164 2605 1277 2640 quam
1303 2595 1398 2637 pius,
1420 2594 1483 2638 qui
1512 2603 1581 2628 nec
1620 2591 1738 2627 offen-

969 2653 1031 2678 sus
1059 2641 1220 2687 patrium
1247 2641 1474 2687 dedignatur
1498 2649 1637 2674 numen
1672 2649 1738 2673 au-

971 2690 1072 2726 direl
1092 2692 1200 2725 Pater
1219 2688 1354 2734 inquit,
1386 2688 1534 2733 peccavi
1553 2688 1592 2721 in
1613 2686 1737 2720 coelam

970 2741 1004 2773 et
1030 2747 1149 2773 coram
1174 2740 1220 2772 te.
1259 2737 1344 2771 Haec
1369 2740 1422 2770 est
1445 2735 1566 2780 prima
1591 2732 1735 2767 confes-

972 2784 1027 2820 sio
1063 2784 1161 2830 apud
1198 2787 1390 2819 auctorem
1437 2785 1595 2824 naturai,
1637 2778 1735 2823 apud

973 2832 1092 2868 solem
1111 2829 1393 2874 misericordiae,
1410 2828 1593 2864 arbitrum
1615 2826 1733 2870 culpae
