1907 3139
239 164 295 198 DE
333 160 513 198 VIGILIA
549 161 929 196 PATRISFAMILIAS
968 160 1250 197 GUSTODIENT.
1294 162 1447 197 DOMUM
1484 162 1613 198 SUAM.
1688 160 1749 198 ‘287

115 235 317 281 gilzindum.
336 232 453 277 Magis
471 232 570 268 enim
585 231 813 277 vigilandum
829 236 886 269 est

115 294 182 330 pro
202 283 363 324 aeternis,
382 291 491 326 quam
505 290 570 326 pro
592 279 885 325 temporalibus·,

115 330 180 367 sed
200 334 305 376 pater
326 328 486 363 familias
518 328 612 362 liora
637 331 808 372 suspecta
842 329 887 364 de

116 379 277 413 adventu
298 375 386 411 l'uris
421 374 591 420 vigilaret
617 385 684 420 pro
715 386 888 420 corpora-

115 425 209 460 libus
234 435 242 465 ;
266 434 354 467 ergo
375 425 411 458 et
432 433 499 458 nos
521 422 624 457 omni
655 422 762 464 liora,
801 423 891 467 quia

115 471 236 507 omnis
269 471 363 505 hora
390 473 444 505 est
482 473 669 514 suspecta,
711 470 891 505 debemus

114 517 270 561 vigilare
297 528 364 563 pro
386 516 659 563 spiritualibus,
686 520 722 553 et
744 528 892 563 semper

104 576 195 601 ,esse
217 564 380 607 solliciti,
404 566 487 599 utin
513 569 632 600 morte
654 564 894 600 inveniamur

115 614 248 659 parati.
271 612 307 648 Si
329 623 417 658 ergo
442 614 550 658 pater
572 612 730 647 lamilias
760 612 895 647 sollici-

116 664 176 696 tus
198 664 254 696 est
280 660 326 695 de
350 660 461 695 domo
494 660 751 702 custodienda,
778 660 894 695 multo

117 708 250 743 fortius
268 718 335 742 nos
369 708 552 742 debemus
574 717 656 742 esse
677 706 827 741 solliciti
849 708 894 742 de

119 756 193 790 vita
215 758 369 798 aeterna,
390 766 435 789 ne
456 754 657 800 perdamus
675 765 775 797 eam;
795 754 895 799 quod

118 802 200 845 erit,
218 802 247 837 si
272 803 507 837 inveniamur
524 812 588 846 per
609 801 740 846 gratim
764 812 895 837 caren-

117 848 221 885 tiam.
253 849 463 885 Secundum
479 850 780 893 Chrysostomum,
808 860 895 884 con-

118 897 240 933 fundit
262 897 320 932 hic
349 896 508 936 desides,
533 896 621 941 quia
655 907 729 931 non
753 900 896 931 tantum

119 943 283 980 studium
304 943 444 979 sariunt
461 954 527 989 pro
550 943 688 986 anima,
714 948 896 988 quantum

120 990 181 1027 alii
204 1002 271 1037 pro
293 992 465 1036 pecunia,
485 990 548 1036 qui
566 991 663 1026 sures
681 993 897 1035 exspectant

120 1049 165 1073 ne
185 1038 344 1084 perdant
363 1049 371 1081 3
391 1037 443 1072 illi
472 1037 573 1073 euim
601 1036 757 1083 vigilant
777 1041 815 1073 ut
837 1048 895 1073 re·

121 1084 256 1121 sistant
276 1085 361 1128 fiiri,
383 1084 421 1120 hi
440 1088 565 1120 autem
592 1096 666 1119 nou
687 1085 843 1130 vigilant
859 1088 898 1120 ut

120 1132 361 1168 inveniantur
383 1131 515 1177 parati.
545 1132 745 1175 Exponitur
771 1136 897 1168 autem

120 1181 201 1215 haei:
219 1180 440 1223 similitudo,
462 1180 667 1215 secundum
690 1182 895 1224 Chrysosto-

121 1238 232 1271 mum,
262 1226 472 1273 dupliciter.
499 1226 624 1261 Primo
657 1227 768 1262 modo
791 1231 898 1262 vocat

123 1274 257 1318 furem,
283 1275 498 1317 diabolum3
522 1274 689 1316 domum,
718 1278 896 1319 mentem,

123 1332 235 1367 quam
261 1320 291 1357 si
319 1323 514 1357 intraverit
536 1332 600 1366 per
629 1321 898 1367 negligentiam

120 1368 295 1413 janitoris
332 1369 499 1411 rationis,
526 1369 662 1413 spoliat
685 1371 837 1413 domum
860 1369 900 1404 il-

124 1418 198 1452 lam
215 1415 444 1452 vestimentis
457 1415 626 1462 justitiae,
641 1427 731 1451 auro
749 1416 897 1462 sapien-

124 1463 200 1507 tiae,
227 1467 262 1499 et
289 1467 443 1509 argento
474 1463 712 1498 innocenii-[e.
741 1465 898 1498 Domum

125 1521 214 1556 ergo
227 1522 331 1546 suam
344 1510 426 1556 quis
441 1510 527 1545 sinit
540 1510 700 1555 perfodi,
717 1522 799 1545 cum
817 1521 898 1556 sug-‹

123 1557 354 1604 gestionibus
369 1558 508 1593 diaboli
527 1557 767 1593 consentiens
783 1557 897 1593 virtu-

123 1605 222 1641 tibus
250 1605 443 1651 spoliatur,
466 1603 607 1640 viribus
638 1605 798 1642 laeditur.
833 1606 897 1641 Se-

123 1652 288 1688 cundum
301 1654 396 1688 hanc
406 1651 503 1687 viam
513 1655 690 1688 notantur
702 1652 825 1688 triade
837 1663 900 1698 pa-

123 1699 356 1744 trefamilias,
367 1700 539 1734 videlicet
553 1714 560 1735 :
576 1699 685 1743 scire,
697 1699 850 1745 vigilare
863 1702 900 1735 et

125 1757 201 1782 non
222 1746 357 1783 sinere.
380 1747 496 1782 Debet
517 1757 606 1791 ergo
627 1746 722 1782 scire
744 1746 899 1783 insidias

124 1794 230 1838 furis,
254 1794 290 1829 id
321 1797 377 1829 est
404 1804 628 1839 cognoscere
664 1794 896 1840 prudenter,

123 1841 279 1886 vigilare
297 1842 343 1877 ad
366 1840 421 1876 sui
443 1840 665 1885 custodiam,
706 1842 743 1876 id
764 1844 820 1876 est
842 1852 898 1877 ca-

124 1899 210 1924 vere
230 1889 412 1931 solerter;
435 1899 511 1923 non
538 1888 675 1931 sinere,
700 1888 737 1924 id
768 1892 823 1924 est
839 1899 896 1924 re-

124 1935 257 1972 sistere
278 1935 438 1979 fortiter,
455 1946 499 1971 ne
521 1935 754 1981 perfodiatur
769 1937 899 1971 domus

123 1983 281 2019 fossorio
303 1983 456 2026 diaboli,
481 1984 568 2028 qui:
594 1982 715 2029 primo
738 1983 900 2028 percutit

125 2031 376 2076 suggestione,
411 2030 575 2066 secundo
615 2030 708 2065 fodit
738 2030 897 2066 delecta-

124 2077 241 2123 tione,
275 2077 386 2113 tertio
414 2077 537 2123 perdit
573 2088 782 2122 consensu3
825 2077 898 2123 pri-

124 2135 228 2161 mum
254 2125 312 2160 vix
352 2129 474 2171 potest
510 2124 646 2169 caveri,
676 2124 896 2169 secundum,

125 2172 257 2219 magis,
280 2173 434 2208 tertium
473 2171 645 2207 maxime.
678 2171 759 2207 Alio
786 2172 896 2208 modo

124 2219 343 2265 exponendo
368 2220 465 2255 hanc
494 2218 728 2265 parabolam,
757 2223 865 2254 vocat
887 2232 894 2256 ε

124 2266 259 2311 furem,
272 2266 402 2303 mortis
414 2266 527 2311 diem,
538 2266 626 2312 quia
638 2266 792 2310 occulte,
805 2265 899 2301 sicut

125 2313 202 2358 fur;
217 2316 383 2359 domum,
394 2325 526 2359 corpus
537 2325 544 2357 3
555 2314 725 2359 Januam,
736 2324 777 2349 os
789 2316 899 2349 etau-

126 2372 203 2404 res;
228 2362 425 2402 fenestras,
444 2361 583 2397 oculos.
604 2362 648 2395 Et
668 2363 722 2396 est
739 2371 867 2396 sensus
886 2372 894 2396 :

123 2409 222 2444 Illud
242 2413 360 2444 autem
382 2410 520 2452 scitote,
541 2410 713 2453 quoniam
735 2410 768 2443 si
792 2410 899 2443 sciret

125 2457 409 2501 paterfamilias,
421 2467 494 2501 qua
512 2457 600 2491 hora
613 2457 678 2499 fur
695 2457 843 2499 veniret,
860 2455 898 2491 id

127 2505 181 2538 est
202 2513 302 2538 mors
323 2514 405 2549 quae
423 2506 482 2538 l‘ur
502 2502 650 2547 dicitur,
673 2505 709 2538 et
733 2502 865 2538 merito
887 2513 895 2538 ι

127 2548 184 2584 vel
201 2553 353 2595 propter
367 2550 613 2596 improvisum
629 2550 846 2593 adventum,
862 2553 898 2585 et

127 2596 313 2632 occultum
330 2596 601 2643 introitum,vel
622 2600 776 2643 propter
796 2607 897 2632 scru-

127 2643 278 2688 tinium,
320 2645 375 2680 vel
412 2649 565 2691 propter·
631 2643 891 2691 spoliationem

127 2701 254 2727 rerum
288 2690 470 2736 omnium,
491 2693 664 2737 viqilaret
693 2694 818 2737 utique
850 2702 896 2727 ne

128 2742 339 2775 moreretur
395 2738 434 2775 in
483 2744 634 2786 peccato
672 2742 708 2775 et
752 2739 859 2785 culpa
884 2750 893 2775 ε

129 2785 215 2834 quia
234 2796 328 2821 mors
355 2790 580 2833 peccatorum
617 2788 776 2833 pessima
810 2788 892 2831 θεῖς

965 236 997 268 et
1017 243 1088 268 non
1115 233 1247 268 sineret
1270 233 1415 278 perfodi
1448 234 1593 270 domum
1627 245 1746 277 suam,

966 280 1002 315 id
1024 283 1078 315 est
1114 290 1196 315 cuin
1221 279 1399 315 violentia
1423 280 1592 317 animum
1618 293 1640 318 a
1673 294 1753 319 cor-

964 338 1054 374 pure
1078 327 1236 371 extrahi,
1257 328 1322 363 scd
1343 332 1475 372 sponte
1498 329 1609 364 cxii-e.
1635 331 1741 366 Unde

965 375 1016 411 ait
1036 376 1309 418 Clzrissostomus
1330 387 1340 409 :
1365 391 1380 407 α
1404 375 1585 418 Quouiim
1608 377 1743 413 animae

965 422 1189 468 peeciitricei
1213 421 1249 457 in
1278 432 1437 467 corpore
1459 423 1565 467 quasi
1600 423 1635 458 iu
1661 436 1745 468 pro-

967 469 1046 515 prio
1085 469 1276 505 domicilio
1304 470 1553 513 delectantur,
1593 471 1746 507 veniens

966 528 1049 552 cuin
1084 518 1272 553 sententia
1315 516 1394 559 Dei,
1423 518 1590 563 Angelus
1615 519 1744 555 mortis

966 564 1129 610 perfodit
1151 575 1299 611 corpus,
1324 567 1360 600 et
1379 567 1546 600 animim
1562 566 1747 602 violenter

967 612 1091 647 avellit
1120 613 1166 648 ab
1189 623 1246 647 eo.
1272 611 1417 647 Animae
1455 616 1583 648 autem
1619 615 1746 658 justae,

968 671 1051 705 qum
1075 671 1149 695 non
1172 660 1407 695 delectantur
1428 658 1466 695 in
1488 671 1658 704 corpore,
1682 661 1748 696 sed

968 708 1074 752 quasi
1099 707 1133 742 iu
1150 708 1278 742 exsilio
1299 706 1348 743 ibi
1365 712 1465 752 sunt,
1484 707 1656 743 veniente
1669 718 1750 743 sen-

969 754 1099 797 tentia,
1116 766 1187 789 non
1204 754 1466 799 perfodiuntur
1482 755 1664 797 ndentes„
1683 755 1749 791 sed

969 805 1152 837 vorantur
1170 802 1390 847 gaudentes.
1411 816 1427 835 n
1449 803 1553 837 Unde
1567 807 1602 837 et
1620 804 1751 846 Greqo-

969 850 1070 883 rius.-
1103 863 1121 881 «
1143 850 1340 884 Ncsrieute
1373 849 1657 895 patrefamilias,
1690 850 1750 886 fur

970 896 1123 931 domum
1135 896 1750 942 perfodit,quia,duinasuicusto-

972 942 1032 978 dia
1059 944 1211 989 spiritus
1239 944 1391 987 dormit,
1415 944 1620 990 improvisa
1649 955 1750 981 mors

972 990 1126 1026 veniens
1140 991 1263 1026 caruis
1276 997 1414 1027 nostrae
1431 992 1687 1027 habitaculum
1704 993 1750 1027 ir-

970 1039 1123 1083 rumpit,
1138 1042 1173 1074 et
1185 1049 1269 1074 eum
1283 1049 1394 1084 quem
1407 1039 1602 1074 domiuum
1615 1040 1748 1075 domus

971 1085 1220 1121 dormientem
1257 1085 1467 1131 invenerit,
1497 1092 1628 1130 necat,
1662 1087 1750 1133 quia

971 1132 1059 1167 dum
1083 1136 1238 1168 ventura
1259 1133 1396 1168 damna
1419 1133 1571 1179 spiritus
1594 1134 1749 1170 minime

970 1179 1166 1225 praevidet,
1188 1182 1286 1215 huuc
1313 1191 1412 1216 mors
1443 1181 1490 1216 ad
1521 1181 1747 1227 supplicium

973 1227 1203 1263 nescientem
1227 1228 1354 1263 trahit.
1384 1228 1468 1263 Furi
1490 1232 1615 1264 autem
1639 1228 1747 1265 resis-

970 1278 1078 1315 teret,
1102 1274 1131 1309 si
1148 1275 1332 1321 vigilaret,
1353 1275 1442 1321 quia
1461 1276 1664 1312 adveutum
1681 1276 1746 1313 Ju-

973 1321 1078 1365 dicis,
1105 1322 1165 1367 qui
1191 1323 1333 1358 occulte
1358 1334 1504 1359 animas
1526 1324 1636 1369 rapit,
1653 1334 1749 1370 prae-

972 1379 1123 1407 cavens.
1147 1368 1180 1405 ei
1204 1370 1421 1415 poeuiteudo
1450 1376 1678 1415 occurreret,
1703 1382 1749 1407 ne

972 1415 1213 1459 impoeiiitens
1261 1417 1412 1462 periret.
1437 1432 1455 1449 >›
1496 1418 1541 1454 Et
1584 1418 1718 1454 iterum
1739 1431 1747 1456 ;

977 1477 988 1494 «
1015 1465 1153 1499 Horam
1178 1475 1265 1499 vero
1286 1465 1458 1500 ultimam
1480 1465 1660 1501 Dominus
1680 1477 1748 1502 no-

973 1513 1049 1545 ster
1070 1510 1208 1546 idcirco
1247 1511 1356 1547 nobis
1375 1511 1493 1547 voluit
1516 1524 1598 1548 esse
1618 1512 1748 1559 incog-

972 1557 1105 1603 nitam,
1132 1561 1172 1593 ut
1194 1558 1311 1603 possit
1335 1570 1485 1605 semper
1511 1571 1593 1596 esse
1617 1571 1748 1607 suspe-

972 1609 1043 1648 cta,
1068 1608 1107 1640 ut
1124 1606 1214 1641 dum
1236 1606 1336 1641 illam
1359 1607 1566 1652 praevidere
1594 1607 1748 1644 minime

970 1663 1186 1698 possumus,
1199 1653 1247 1688 ad
1258 1653 1360 1688 illain
1374 1653 1452 1689 sine
1468 1654 1749 1692 intermissione

972 1710 1231 1745 praeparemur
1247 1712 1255 1736 t
1276 1701 1356 1735 hsee
1369 1701 1563 1745 Greqorius
1581 1730 1588 1738 .
1606 1703 1748 1739 Deinde

973 1747 1162 1782 concludit
1194 1758 1237 1783 ex
1264 1747 1469 1793 praedictis,
1500 1752 1536 1785 et
1569 1750 1748 1787 admonet

972 1805 1040 1829 nos
1061 1797 1100 1829 ut
1122 1795 1243 1840 parati
1256 1795 1386 1839 simus,
1403 1798 1492 1842 quia
1510 1797 1540 1832 si
1562 1802 1667 1834 tanta
1684 1798 1749 1835 ad-

971 1842 1123 1877 hibetur
1154 1841 1352 1887 diligentia
1385 1854 1451 1887 pro
1488 1845 1659 1881 custodia
1691 1845 1747 1881 rei

971 1899 1111 1934 parvas,
1137 1889 1254 1924 multo
1289 1889 1409 1935 magis
1442 1890 1614 1928 adhiberi
1635 1892 1748 1929 debet

972 1946 1038 1981 pro
1081 1936 1253 1971 custodia
1292 1937 1441 1973 auimae.
1484 1939 1588 1975 Unde
1624 1940 1714 1976 dicit
1735 1951 1745 1977 t

970 1984 1052 2018 Ideo
1074 1986 1106 2018 et
1126 1994 1187 2018 vos
1209 1986 1317 2018 estote
1334 1987 1476 2029 parati,
1499 1985 1578 2022 sine
1597 1987 1746 2024 macula

972 2030 1108 2074 cordis,
1137 2030 1212 2066 oris
1234 2036 1270 2066 et
1297 2031 1434 2077 oper1s,
1462 2035 1550 2077 quia
1588 2046 1661 2079 qua
1682 2046 1746 2070 ne-

970 2079 1072 2112 scitis
1091 2079 1192 2118 hora,
1207 2077 1244 2113 id
1262 2083 1318 2114 est
1335 2080 1536 2125 insperate,
1550 2083 1666 2117 Filius
1684 2083 1744 2118 ho-

970 2126 1080 2160 minis
1100 2128 1272 2161 venturus
1302 2129 1367 2171 est,
1396 2127 1443 2162 ad
1464 2127 1642 2173 judicium
1658 2139 1746 2175 par-

972 2171 1143 2217 ticulare,
1167 2172 1206 2208 in
1243 2179 1377 2214 morte„
1404 2174 1462 2210 vel
1495 2175 1541 2211 ad
1559 2176 1746 2222 judicium

972 2220 1160 2265 generale,
1177 2220 1216 2256 in
1239 2220 1368 2256 mundi
1393 2222 1482 2257 fine.
1510 2222 1640 2268 Igitur,
1660 2224 1749 2271 quia

971 2266 1157 2303 nescimus
1170 2267 1282 2312 diem,
1293 2269 1349 2304 vel
1359 2269 1491 2305 horam
1501 2269 1603 2306 illam
1613 2282 1744 2313 unam,

972 2314 1121 2359 quando
1149 2315 1291 2351 occulte
1324 2321 1360 2351 et
1401 2316 1529 2353 furtim
1566 2322 1744 2356 venturus

971 2362 1017 2396 sit
1040 2361 1231 2405 Dominus,
1254 2362 1451 2408 vigilemus
1471 2375 1545 2400 non
1566 2376 1640 2402 uua
1665 2365 1739 2412 die,

972 2409 1030 2444 vel
1054 2420 1129 2445 una
1147 2410 1254 2455 hora,
1291 2412 1355 2446 sed
1383 2422 1544 2457 semper,
1567 2413 1743 2450 omnibus

973 2455 1104 2492 diebus
1142 2461 1179 2493 et
1213 2457 1329 2500 horis,
1368 2459 1474 2504 quasi
1514 2470 1661 2506 semper
1696 2461 1743 2497 sit

970 2506 1161 2547 venturus,
1186 2516 1232 2540 ne
1254 2505 1293 2540 in
1312 2505 1377 2541 illa
1397 2505 1458 2541 die
1481 2509 1518 2542 et
1541 2508 1635 2543 hora
1655 2508 1745 2544 dor-

970 2549 1126 2586 mientes
1158 2556 1195 2587 et
1220 2551 1395 2598 imparati
1428 2553 1678 2591 inveniamur.
1716 2556 1744 2592 Ο

971 2608 1082 2643 quam
1106 2598 1192 2634 felix
1219 2600 1280 2645 qui
1308 2600 1512 2637 novissima
1557 2602 1741 2647 providet,

970 2644 1034 2690 qui
1056 2645 1125 2682 sibi
1147 2658 1166 2682 a
1181 2647 1340 2691 peccatis
1359 2651 1475 2692 cavet,
1490 2650 1554 2694 qui
1575 2649 1741 2695 seipsum

969 2702 1044 2728 non
1065 2693 1234 2741 negligit,
1255 2695 1317 2740 qui
1336 2705 1375 2731 se
1393 2695 1493 2731 omni
1515 2702 1681 2740 tempore
1694 2697 1742 2732 ad

968 2745 1127 2777 mortem
1168 2745 1356 2788 praeparat
1396 2746 1433 2779 et
1483 2742 1659 2789 disponit,
1705 2745 1746 2780 ut

968 2788 1278 2836 quandocumque
1311 2800 1413 2827 mors
1441 2789 1599 2836 venerit,
1632 2800 1745 2838 para-
