1907 3139
557 183 607 217 lii)
647 184 695 216 ΤΗ
710 186 716 216 l
730 184 770 216 ΙΝ
784 186 803 216 ὃ
846 184 890 217 ΙἈ
904 184 951 216 llA
967 184 1014 215 1¹20
1027 184 1059 215 lil
1074 184 1109 219 S,

77 257 214 303 quievi.
229 257 272 291 Et
286 252 555 290 attendendum
571 253 670 298 quod
685 252 854 289 Christus

77 305 245 352 gaudens
261 301 434 347 imposuit
448 310 554 335 ovem
569 299 736 335 humeris
750 299 824 336 suis
842 311 849 335 :

77 354 176 398 quia,
200 350 287 386 licet
315 358 474 394 magnus
498 346 610 382 fuerit
631 347 737 383 dolor
763 349 851 383 Pas-

75 400 191 435 sionis
211 400 248 432 et
263 395 407 439 mortis,
423 406 495 441 quo
514 405 630 440 genus
642 395 853 432 humanum

76 443 269 492 requisivit
292 446 328 478 et
353 441 520 478 humeris
540 442 729 488 imposuit,
753 444 853 478 hunc

74 499 201 529 tamen
224 494 261 527 et
279 491 449 526 laborem
465 492 503 526 et
529 490 699 526 dolorem
721 490 853 526 laetan-

73 543 132 577 ter
149 537 339 582 sustinuit,
356 542 398 573 ut
412 537 600 583 perditam
619 547 727 573 ovem
746 548 851 573 recu-

72 590 237 635 peraret.
259 587 415 622 Inventa
447 587 573 621 autem
595 595 677 631 ove,
711 585 758 620 ad
785 585 851 620 do-

74 646 178 672 mum
198 632 323 678 venit;
344 632 446 679 quia,
474 635 649 678 reparato
683 632 851 675 homine,

74 683 122 719 ad
158 682 307 718 coeleste
340 690 501 727 regnum
527 679 652 724 rediit,
683 680 732 715 ad
751 679 853 725 quod

72 740 157 766 cum
173 740 241 765 ove
268 738 438 764 reversus
458 731 526 771 est,
550 728 701 774 quando
714 728 852 762 coelum

73 776 255 821 ascendit,
276 781 312 812 et
325 777 508 822 captivam
524 785 650 811 secum
668 775 778 810 duoeit
796 785 851 810 ca-

71 826 294 872 ptivz’tatem.

117 876 138 916 4
159 873 325 908 GAnan
359 871 598 912 ANenLonuu,
620 879 789 904 msroms
810 882 852 905 nr

71 920 231 956 Cnmsn.
253 939 296 945 —-
316 919 361 954 Et
382 919 566 953 convocat
588 915 727 951 amicos
749 922 784 952 ct
801 917 851 953 vi-

71 969 190 1010 ciuos,
206 965 348 1002 scilicet
367 965 599 1011 Angelorum
614 964 769 1010 choros,
786 964 851 1011 qui

71 1014 182 1051 amici
204 1014 284 1060 ejus
326 1017 427 1057 sunt,
469 1012 557 1058 quia
595 1011 675 1057 ejus
713 1014 851 1047 volun-

69 1065 185 1098 tatem
208 1060 386 1097 continuo
410 1060 638 1103 custodiunt,
666 1062 702 1094 et
725 1057 849 1106 vicini,

75 1109 164 1156 quia
190 1108 362 1145 claritate
386 1106 538 1142 visionis
566 1107 683 1152 ipsius
707 1106 851 1143 assidue

70 1156 329 1203 perfruuntur,
358 1156 480 1190 dicens
507 1155 614 1189 illis:
645 1154 850 1198 Conqmtu-

72 1206 204 1239 lamini
228 1205 331 1246 mihi,
370 1207 407 1238 et
439 1202 547 1237 simul
570 1212 733 1245 meeum,
763 1204 852 1247 quia

68 1253 193 1287 inveni
212 1262 311 1286 ovem
337 1261 466 1294 meam,
484 1260 562 1294 quae
583 1250 758 1294 perierat.
789 1250 850 1285 Se-

69 1301 234 1335 cundum
266 1298 493 1341 Greyoriam,
528 1306 604 1332 non
625 1295 728 1339 dicit,
757 1307 846 1332 eon-

67 1345 326 1393 gratulamini,
348 1344 511 1380 inventae
538 1343 611 1387 ovi,
637 1343 702 1378 sed
731 1343 846 1387 milii;

71 1393 158 1440 quia
177 1393 351 1429 videlicet
380 1391 560 1438 gaudium
591 1390 673 1435 ejus
694 1395 746 1426 est
774 1393 850 1427 vita

69 1445 209 1483 nostra,
233 1445 269 1475 et
287 1450 372 1475 cum
391 1449 459 1474 nos
479 1439 526 1474 ad
548 1441 681 1473 coelum
699 1438 847 1473 reduci-

67 1499 165 1533 mur,
188 1486 466 1523 solemnitatem
498 1485 636 1521 laetitiae
660 1484 759 1520 illius
778 1486 847 1521 im-

66 1535 318 1581 plemus.Vel,
337 1533 421 1569 ideo
446 1532 785 1579 congratulandum
803 1534 848 1569 si-

68 1581 189 1619 biest:
211 1581 299 1628 quia
320 1592 395 1617 non
416 1580 554 1616 frustra
571 1580 848 1625 laboravit,nec

67 1630 208 1666 frustra
227 1633 398 1665 mortuus
418 1631 485 1672 est,
502 1638 628 1674 exque
647 1638 754 1663 ovem
765 1638 846 1674 per-

66 1678 183 1713 ditam
207 1676 374 1720 invenit3
397 1675 455 1711 ovi
475 1685 563 1710 vero
585 1685 661 1710 non
682 1678 739 1710 est
760 1686 845 1711 con-

66 1725 349 1771 gratulandum,
368 1722 456 1769 quia
477 1722 587 1758 nullis
605 1723 681 1758 suis
702 1722 846 1758 meritis

67 1773 219 1808 inventa
240 1774 308 1808 est.
332 1772 375 1806 Et
394 1771 601 1816 subjungit,
619 1770 844 1805 concluden-

67 1820 144 1855 do:
173 1821 259 1855 Dico
297 1819 397 1854 vobis
426 1829 434 1853 ε
463 1817 565 1861 Quod
591 1819 645 1852 ita
668 1817 846 1860 „claudium

67 1869 136 1902 erit
152 1869 191 1901 in
212 1867 308 1907 coelo,
341 1876 448 1911 super
466 1875 536 1900 uno
561 1867 745 1909 peccatore
763 1875 845 1909 pne-

66 1916 260 1950 nitentiam
291 1916 431 1957 aqente,
455 1922 565 1957 quam
597 1921 705 1956 super
733 1922 843 1947 nona-

63 1963 169 2005 qanta
188 1971 312 1996 novem
333 1960 461 2005 justis,
485 1960 550 2004 qui
572 1968 643 1994 non
677 1959 844 2002 indiqent

61 2010 303 2055 poenitentia:
348 2017 422 2043 uon
461 2006 550 2042 dicit
587 2004 843 2051 poenitentiam

65 2055 268 2102 cogitante,
281 2065 364 2101 quae
383 2058 437 2090 est
456 2052 678 2099 poenitentia
695 2064 843 2098 procra-

65 2102 275 2148 stinorum3
301 2113 369 2138 nec
384 2101 474 2137 dicit
498 2099 758 2146 poenitentiam
782 2101 844 2136 do-

68 2153 190 2195 cente,
201 2161 284 2196 quae
298 2155 354 2186 est
364 2147 585 2195 poenitentia
598 2149 843 2183 verbosorum

68 2199 356 2243 praedicatorum
370 2208 378 2241 ;
396 2207 465 2232 nec
477 2195 567 2231 dicit
583 2195 843 2241 poenitentiam

69 2245 303 2290 ostendente,
323 2255 406 2291 quae
427 2246 481 2279 est
494 2243 716 2289 poenitentia
730 2243 842 2289 hypo-

67 2293 246 2328 critarum
280 2297 317 2328 et
348 2291 633 2333 simulatorum;
659 2290 725 2325 sed
754 2289 844 2325 dicit

67 2339 330 2386 poenitentiam
365 2341 513 2384 agente,
537 2348 619 2384 quae
643 2340 697 2373 est
720 2337 843 2382 poeni-

66 2388 184 2423 tentia
205 2388 438 2423 devotorum.
457 2387 538 2422 Non
565 2389 621 2421 est
642 2395 730 2431 ergo
752 2395 843 2429 gau-

65 2433 230 2470 dendum
251 2434 484 2470 solummodo
507 2433 552 2468 de
584 2432 845 2478 redemptione

65 2480 215 2527 generis
239 2482 417 2525 humam3
440 2481 751 2526 sedquacumque
773 2480 843 2514 ho-

67 2539 110 2563 ra
127 2529 358 2564 convertitur
377 2539 472 2563 unus
488 2532 676 2573 peccator,
699 2527 741 2562 fit
757 2537 843 2572 gau-

68 2574 170 2610 dium
190 2577 340 2622 Angelis
369 2574 446 2619 Dei,
471 2585 514 2610 eo
544 2575 644 2620 quod
668 2584 844 2609 numerus

68 2632 197 2657 eorum
212 2624 441 2668 suppleatur,
453 2632 494 2657 ex
504 2623 747 2657 conversione
762 2632 845 2666 pec-

65 2673 248 2705 catorum.
270 2671 372 2705 Unde
392 2671 444 2705 ait
465 2670 696 2714 Auqustz'nzcs
717 2680 724 2703 :
745 2668 842 2711 «Qui

65 2726 133 2762 per
169 2716 430 2762 poeuitentiam
465 2721 662 2761 peecatum
704 2716 812 2750 diluit
833 2743 841 2761 ,

65 2763 248 2810 angelicae
270 2764 459 2800 felicitatis
480 2766 517 2799 in
540 2768 728 2799 aeternum
751 2773 843 2798 con-

67 2821 147 2848 sors
165 2810 251 2858 erit,
284 2810 370 2848 hinc
392 2814 449 2848 est
478 2811 578 2858 quod
598 2821 711 2858 super
746 2820 842 2846 con-

1153 183 1171 214 is
1181 182 1198 214 ἰ’
1209 183 1242 213 «;.
1678 187 1714 220 >25

929 251 1100 288 versione
1123 251 1343 295 peccatoris,
1362 252 1461 286 velut
1477 254 1520 287 <le
1537 264 1603 289 suo
1620 265 1706 289 eon-

928 304 1039 343 sortc‚
1063 298 1195 343 Angeli
1216 297 1252 332 in
1274 298 1365 333 coelo
1388 299 1551 342 gaudere
1572 300 1702 336 dicun-

928 351 1002 382 tur.
1024 360 1041 378 »
1065 347 1171 390 Nam,
1193 349 1232 380 ut
1253 344 1342 380 dicit
1368 345 1537 389 Oriyenes
1563 358 1571 381 ε
1596 360 1613 380 «
1636 350 1708 384 Nos

927 393 1079 440 Angelis
1101 392 1152 428 .in
1179 391 1282 427 eoelis
1310 392 1547 428 occasionem
1582 395 1709 439 gaudii

928 442 1155 487 praebemus,
1179 449 1263 475 cum
1287 450 1399 484 super
1416 443 1555 475 terram
1577 443 1707 476 ambu-

926 490 1049 525 lantes
1073 486 1401 523 conversationem
1420 485 1457 521 in
1472 487 1576 522 coelis
1595 488 1707 524 hube-

927 546 1023 572 mus.
1040 549 1057 567 n
1079 535 1292 572 Secundum
1307 534 1555 575 Ambrosium,
1572 535 1704 580 Angeli

927 584 1107 629 quoniam
1128 581 1373 618 rationabiles
1405 584 1503 625 suut,
1538 593 1613 617 non
1638 585 1706 617 im-

928 632 1062 667 merito
1078 630 1275 665 hominum
1296 629 1557 673 redemptione
1578 630 1709 665 laetan-

928 684 1002 723 tur,
1025 687 1255 724 quamquam
1275 678 1345 712 hoc
1370 686 1519 723 quoque
1543 677 1714 722 proficiat

927 726 974 761 ad
997 724 1186 761 incentiva
1208 725 1421 769 probitatiS‚
1445 723 1477 759 si
1512 724 1710 770 unusquis-

928 784 1001 819 que
1023 771 1311 807 conversionem
1329 781 1435 806 suam
1458 776 1607 817 gratam
1630 772 1709 808 sore

927 821 1057 856 credat
1084 819 1245 855 coetibus
1275 819 1521 865 Angelorum,
1550 829 1711 865 quorum

929 871 994 904 aut
1022 867 1200 903 affectare
1220 865 1487 911 patrocinium,
1511 870 1576 902 aut
1598 878 1711 903 vere—-

928 914 960 951 ri
997 915 1108 950 debet
1129 914 1314 949 offensam
1340 924 1348 958 ;
1378 918 1416 949 et
1436 917 1475 948 tu
1503 914 1617 960 igitur
1640 916 1714 950 An-

929 962 1022 1009 gelis
1059 964 1139 998 esto
1180 960 1325 997 occasio
1358 961 1529 1006 laetitiae,
1564 966 1601 997 et
1625 973 1712 1008 gau-

928 1011 1041 1046 deant
1068 1010 1114 1045 de
1133 1014 1195 1044 tuo
1218 1008 1354 1045 reditu.
1381 1010 1484 1044 Unde
1505 1011 1557 1045 ait
1574 1010 1674 1045 Beda
1702 1021 1710 1045 ε

930 1070 948 1091 ((
967 1058 1081 1094 Ovem
1103 1067 1193 1102 ergo
1211 1057 1392 1091 Dominus
1409 1055 1566 1101 invenit,
1586 1068 1711 1102 quau-

928 1105 975 1140 do
1019 1105 1211 1140 hominem
1245 1104 1485 1145 restauravit„
1524 1108 1560 1139 et
1599 1115 1711 1149 super

928 1163 1010 1188 eam
1032 1151 1225 1187 inventam
1247 1152 1370 1197 majiis
1392 1151 1572 1197 gaudium
1593 1155 1649 1187 est
1669 1151 1707 1188 in

928 1200 1037 1241 coelo,
1061 1210 1172 1245 quam
1197 1209 1309 1244 super
1330 1198 1539 1244 nonaginta
1561 1210 1709 1244 novem,

927 1247 1015 1293 quia
1034 1247 1156 1293 maJ'or
1177 1247 1336 1281 materia
1358 1245 1495 1281 divinae
1513 1246 1634 1282 laudis
1655 1251 1711 1283 est

928 1295 965 1329 in
984 1295 1259 1329 restauratione
1290 1292 1500 1337 hominum,
1531 1304 1643 1339 quam
1672 1295 1710 1330 in

925 1341 1116 1377 creatione
1142 1342 1385 1386 Angelorum.
1415 1341 1636 1376 Mirabiliter
1658 1348 1708 1377 et-

928 1388 1028 1424 enim
1049 1389 1210 1434 Angelos
1228 1387 1389 1433 creavit;
1414 1388 1480 1424 sed
1500 1388 1708 1424 mirabilius

927 1435 1098 1471 homines
1130 1435 1357 1471 restauravit
1388 1447 1398 1470 ε
1433 1448 1450 1469 »
1482 1436 1562 1471 haee
1593 1437 1704 1472 Beda.

926 1482 1102 1527 Quamvis
1124 1494 1212 1529 ergo
1233 1485 1363 1528 pastor
1384 1483 1502 1518 multo
1525 1483 1608 1529 plus
1628 1483 1707 1519 dili-

925 1534 988 1577 gat
1008 1541 1094 1566 oves
1117 1532 1326 1575 nonaginta
1347 1540 1498 1574 novem,
1521 1541 1634 1576 quam
1653 1542 1708 1566 so-

925 1579 1000 1614 lam
1022 1578 1292 1622 centesimam3
1315 1577 1440 1613 tacitis
1459 1581 1587 1613 tamen
1608 1578 1706 1624 aliis,

925 1626 969 1661 de
1008 1629 1221 1661 restaurata
1245 1624 1373 1660 inultis
1400 1625 1520 1661 modis
1557 1636 1595 1661 se
1623 1637 1710 1672 gau-

924 1673 1012 1709 dere
1043 1673 1222 1709 ostendit.
1253 1674 1311 1708 Sic
1351 1683 1500 1719 quoque
1535 1674 1707 1709 Salvator

923 1720 969 1756 de
990 1719 1231 1766 reparatione
1260 1719 1424 1755 hominis
1452 1722 1571 1766 magis
1604 1732 1703 1767 gau—-

923 1767 997 1812 det,
1024 1768 1095 1803 hoc
1116 1772 1170 1803 est
1191 1768 1310 1813 magis
1337 1772 1372 1803 et
1393 1768 1563 1814 pluribus
1584 1779 1706 1815 argu-

923 1815 1060 1850 mentis
1078 1815 1242 1850 ostendit
1263 1825 1302 1850 se
1321 1817 1502 1860 gaudere,
1524 1826 1638 1861 quam
1659 1817 1703 1852 de

921 1862 1150 1907 Angelorum
1165 1861 1369 1897 stabilitate
1384 1873 1391 1905 ;
1415 1862 1704 1899 usitatissimum

922 1909 1062 1944 etenim
1080 1913 1147 1954 est,
1163 1913 1206 1944 ut
1228 1911 1400 1954 quamvis
1421 1920 1506 1945 eum
1527 1911 1608 1955 plus
1628 1921 1704 1946 non

923 1955 1136 2002 diligamus,
1161 1957 1345 2002 majorem
1372 1960 1501 1992 tamen
1528 1957 1701 1993 laetitiam

922 2004 967 2039 de
985 2003 1047 2038 illo
1068 2004 1263 2048 faciamus,
1285 2014 1397 2049 quein
1419 2005 1464 2039 de
1484 2004 1619 2050 majori
1641 2016 1700 2050 pe-

920 2052 1038 2086 riculo
1066 2051 1219 2086 liberari
1250 2050 1432 2087 videmus.
1475 2051 1578 2087 Sicut
1609 2063 1700 2098 ergo

920 2101 1047 2144 pastor
1074 2098 1212 2144 gaudet
1233 2098 1385 2144 speciali
1411 2099 1548 2145 gaudio
1571 2100 1616 2135 de
1637 2101 1700 2135 in-

921 2145 1096 2181 ventione
1117 2145 1228 2181 unius
1250 2146 1342 2191 ovis,
1370 2157 1445 2182 non
1467 2148 1556 2193 quia
1577 2149 1698 2193 magis

920 2193 1024 2229 illam
1059 2194 1175 2228 solam
1203 2204 1314 2239 quam
1342 2204 1472 2229 omnes
1498 2195 1591 2230 alias
1618 2194 1698 2230 dili-

920 2247 994 2286 gat,
1030 2240 1096 2276 sed
1117 2241 1205 2286 quia
1224 2240 1263 2276 in
1290 2252 1335 2277 ea
1356 2242 1470 2277 habet
1493 2242 1696 2287 specialem

919 2288 1105 2324 rationem
1125 2287 1453 2335 gaudendi,quam
1472 2290 1509 2324 in
1525 2289 1608 2325 aliis
1624 2300 1697 2325 non

919 2336 1101 2379 habebat3
1122 2338 1173 2371 sic
1195 2338 1293 2372 Deus
1315 2338 1359 2371 de
1380 2335 1596 2372 reversione
1619 2348 1698 2382 pec-

920 2384 1054 2418 catoris
1071 2383 1185 2419 habet
1199 2383 1402 2429 specialem
1414 2383 1600 2420 rationem
1612 2394 1700 2429 gau-

920 2430 985 2475 dii,
1000 2441 1113 2476 quam
1132 2442 1207 2466 uon
1227 2432 1342 2466 habet
1360 2431 1407 2466 de
1428 2432 1564 2467 ceteris
1587 2433 1625 2466 in
1642 2432 1697 2477 ju-

919 2477 1019 2513 stitia
1044 2477 1376 2524 permanentibus:
1404 2479 1537 2514 ceteris
1574 2483 1701 2514 tamen

919 2526 1084 2570 paribus,
1106 2530 1370 2571 permanentes
1394 2525 1596 2572 injustitia
1616 2531 1702 2561 sunt

919 2574 993 2608 Deo
1023 2573 1141 2618 magis
1163 2573 1305 2608 dilecti.

966 2622 985 2654 5
1019 2621 1232 2655 MonALITER
1274 2632 1318 2655 nn
1351 2631 1529 2655 ruinnms
1574 2632 1616 2655 ET
1659 2633 1699 2654 ni:

918 2678 1125 2703 ELECTORUM
1156 2679 1313 2703 NUMERO.
1336 2688 1378 2693 —-
1400 2669 1472 2702 Per
1509 2667 1702 2703 homiuem

919 2718 1069 2750 centum
1090 2726 1179 2750 oves
1200 2716 1402 2751 habentem
1430 2715 1626 2750 moraliter
1643 2714 1700 2748 si-

919 2761 1120 2807 gnificatur
1146 2763 1353 2808 praesidens
1379 2761 1623 2804 monasterio,
1647 2761 1703 2795 vel

918 2809 1109 2856 Ecclesiae,
1139 2811 1286 2848 hahens
1318 2809 1490 2847 subditos
1525 2809 1564 2844 in
1601 2818 1702 2854 quo-
