1855 3139
279 171 329 203 DE
366 168 706 203 EXHORTATIONE
745 168 798 201 AD
836 165 1098 205 SEQUENDUM
1137 165 1391 203 CHRISTUM,
1434 165 1536 198 Ere.
1717 164 1736 197 9

789 393 973 440 CAPUT
1013 394 1051 439 ΙΙ

93 542 143 570 m:
173 541 481 571 EXHORTATIONE
503 541 556 569 AD
581 541 823 576 SEQUENDUM
851 541 1050 570 CHRISTUM
1076 541 1127 569 ET
1153 540 1238 569 SUAE
1268 539 1471 569 PASSIONIS
1501 539 1739 567 EXEMPLUM.

543 667 710 705 Matthaei
728 678 810 714 cap.
832 668 913 704 XVI
933 670 969 704 et
990 668 1099 703 Lucae
1123 677 1204 713 cap.
1227 666 1288 703 IX.

150 816 162 837 1
203 801 354 837 Iivvxruu
388 813 460 837 NON
499 812 588 837 vum·
621 801 799 837 Domum.
841 819 878 827 -

98 849 302 894 Postquam
326 850 504 885 Dominus
526 848 718 894 discipulis
739 851 876 895 myste—

97 897 194 931 rium
215 907 293 932 suae
316 896 505 932 Passionis
525 899 669 932 secreto
691 895 876 941 praedixit,

98 947 280 979 convocat
316 944 467 979 turbam
502 954 586 979 cum
623 944 701 983 eis:
727 947 764 978 et
801 948 877 978 tam

96 991 197 1036 ipsos
226 991 426 1037 discipulos
447 1001 560 1036 quam
581 1001 727 1035 omnes,
752 990 797 1026 ad
821 991 877 1026 sui

96 1037 345 1074 imitationem
368 1043 404 1074 et
430 1039 618 1083 passionis
637 1038 878 1074 tolerantiam

96 1085 242 1121 invitat.
271 1086 384 1129 Quasi
406 1086 547 1121 diceret
569 1099 578 1121 ε
601 1085 723 1121 Nolite
750 1085 877 1131 prohi-

97 1133 185 1169 bere
204 1133 409 1179 passiones,
421 1133 510 1179 quia
527 1137 675 1179 oportet
691 1134 878 1168 sustinere

98 1191 162 1216 eas
191 1191 320 1216 omnes
349 1180 485 1216 salvari
514 1182 692 1216 volentes.
726 1182 768 1215 Et
794 1181 877 1216 ideo

97 1228 157 1264 hic
179 1228 226 1264 ad
253 1238 384 1264 omnes
405 1228 634 1274 generaliter
654 1228 821 1274 loquitur
844 1230 881 1263 et

99 1285 230 1311 omnes
253 1276 437 1320 hortatur,
458 1277 545 1321 quia
568 1275 730 1311 imitatio
753 1276 879 1311 Passi-

99 1323 180 1359 onis
200 1324 247 1358 ad
271 1334 399 1359 omnes
421 1325 599 1369 pertinet,
619 1322 678 1358 vel
700 1333 766 1369 per
786 1333 883 1358 mar-

100 1371 254 1417 tyrium,
278 1371 336 1406 vel
368 1381 436 1416 per
469 1370 744 1416 poenitentiam.
777 1370 881 1406 Unde

101 1418 295 1463 discipulis
317 1420 393 1453 suis
422 1419 520 1453 dimit
548 1431 558 1453 .·
588 1419 631 1454 Si
656 1420 754 1462 quis,
780 1417 881 1463 quod

101 1468 209 1500 notat
225 1465 461 1509 varietatem,
477 1467 555 1500 vult
570 1468 654 1511 post
670 1476 724 1499 me
743 1466 879 1508 venire,

99 1523 167 1558 per
187 1512 364 1548 aflectum
385 1512 620 1554 interiorem,
644 1523 709 1557 per
730 1512 882 1547 imitati-

101 1570 212 1596 onem
234 1559 471 1603 exteriorem,
492 1561 536 1595 ad
566 1561 717 1595 Patrem
740 1560 883 1606 superi-

102 1618 207 1643 orem
226 1620 233 1651 ;
257 1611 294 1643 et
311 1608 406 1644 bene
429 1608 519 1643 dicit
538 1607 630 1651 vult,
655 1608 742 1653 quia
764 1608 881 1642 nemi-

101 1665 189 1690 nem
223 1656 336 1700 cogit,
374 1656 439 1691 sed
473 1656 646 1700 consulit,
676 1659 712 1690 et
746 1665 882 1690 unum-

102 1712 289 1748 quemque
323 1713 388 1738 suo
426 1702 583 1738 arbitrio
620 1702 812 1748 relinquit,
840 1707 882 1738 ut

102 1749 296 1785 servitium
317 1750 364 1785 sit
383 1751 526 1795 gratius
547 1751 718 1790 Domino,
734 1753 770 1785 et
792 1760 885 1794 prae-

102 1796 220 1833 mium
243 1798 290 1832 sit
314 1799 458 1844 gratius
485 1808 607 1834 servo.
636 1798 741 1833 Unde
768 1798 881 1841 Chry-

101 1848 279 1880 sostomus
302 1857 312 1879 .·
338 1859 355 1876 ι(
375 1845 468 1880 Cum
497 1847 623 1879 autem
646 1844 817 1880 Salvator
838 1845 885 1879 sit

103 1892 188 1937 pius
203 1895 241 1927 et
256 1892 455 1937 benignus,
471 1891 620 1927 nullum
642 1890 801 1926 invitum
821 1895 885 1926 aut

104 1942 275 1974 coactum
306 1939 448 1974 habere
481 1938 559 1974 vult
594 1938 790 1981 famulum,
817 1938 883 1974 sed

105 1990 334 2032 spontaneos
361 1990 397 2022 et
417 1985 558 2031 gratias
583 1989 738 2031 agentes
759 1985 794 2021 ei
814 1996 882 2031 pro

104 2033 298 2069 famulatu.
320 2035 364 2069 Et
380 2033 464 2069 ideo
487 2032 677 2069 neminem
697 2033 881 2079 cogendo,

104 2083 170 2116 aut
184 2080 447 2116 necessitatem
459 2080 686 2126 imponendo
699 2092 706 2124 ;
725 2080 790 2115 sed
803 2091 884 2126 per-

104 2128 297 2164 suadendo
328 2133 364 2164 et
390 2127 660 2164 benefaciendo
690 2127 883 2163 universos

104 2175 272 2211 volentes
296 2175 464 2211 attrahit.
494 2188 511 2207 >³
538 2176 582 2210 Et
604 2174 742 2210 iterum
769 2186 776 2211 :
805 2188 822 2208 «
846 2174 882 2210 Si

104 2222 190 2269 quis
226 2233 358 2259 aurum
398 2223 519 2267 daret,
557 2225 621 2258 aut
663 2223 883 2258 thesaurum

104 2275 321 2316 exponeret,
346 2280 478 2306 omnes
514 2273 733 2313 currerent3
766 2270 881 2305 multo

104 2317 224 2363 magis
237 2318 285 2353 ad
301 2328 344 2353 ea
363 2328 445 2363 quae
463 2320 548 2353 sunt
561 2317 600 2352 in
615 2317 717 2353 coelis
736 2332 743 2353 ς
764 2330 779 2349 »
802 2318 882 2352 haee

104 2364 392 2409 chrysostomus.
427 2366 472 2400 Et
506 2363 632 2400 subdit
662 2364 845 2400 Dominus
870 2379 877 2400 ε

102 2413 267 2456 Abneqet
288 2414 519 2457 semetipsum
539 2422 607 2457 per
632 2411 794 2458 propriae
815 2422 883 2447 vo-

103 2459 260 2495 lunta'tis
279 2459 618 2503 renuntiationem3
638 2470 713 2494 non
735 2461 882 2495 tantuin

106 2517 174 2542 sua
199 2507 255 2542 vel
283 2517 385 2551 suos,
407 2507 473 2542 sed
499 2517 608 2542 suum
634 2505 881 2549 intellectum,

106 2564 215 2590 suum
233 2554 423 2598 affectum,
440 2564 548 2590 suum
569 2564 742 2598 sensum3
770 2557 803 2588 ec
819 2554 885 2588 tol-

107 2602 161 2636 lat
183 2612 321 2637 crucem
340 2613 458 2646 suam,
476 2612 544 2647 per
555 2600 884 2637 mortificationem

108 2648 275 2693 corporis
295 2648 368 2693 sui,
388 2659 456 2694 per
476 2648 777 2694 compassionem
799 2658 883 2692 pro-

108 2694 211 2739 ximi,
233 2699 284 2741 et,
307 2696 337 2731 si
362 2707 515 2732 necesse
539 2695 663 2740 fuerit,
683 2706 750 2742 per
771 2694 885 2731 susti-

109 2742 276 2778 nentiam
314 2743 512 2790 martyrii3
544 2746 577 2778 et
609 2747 783 2789 sequatur
814 2753 882 2784 me,

108 2789 249 2825 scilicet
272 2799 332 2825 me
364 2791 508 2826 habens
541 2790 663 2827 lucem
698 2790 737 2826 in
763 2789 886 2826 inten-

956 799 1072 844 tione,
1092 802 1224 835 contra
1241 798 1411 834 favorem
1429 797 1656 838 humanum;
1683 805 1743 830 me

957 857 1117 892 sequens
1140 847 1273 882 ducem
1292 845 1330 880 in
1353 845 1588 891 operatione,
1611 845 1744 878 contra

956 904 1125 930 errorem
1156 892 1407 937 diabolicum;
1439 903 1496 927 me
1518 893 1743 937 exspectans

956 941 1170 978 mercedem
1196 941 1236 976 in
1260 939 1587 983 remuneratione,
1611 941 1745 973 contra

956 989 1165 1035 temporale
1187 988 1442 1024 commodum.
1472 988 1607 1022 Rectus
1629 985 1746 1028 ordo,

957 1040 1009 1077 ut,
1044 1036 1108 1082 qui
1142 1036 1220 1072 vult
1255 1035 1361 1081 sequi
1396 1036 1598 1070 Dominum
1619 1033 1745 1079 primo

955 1085 1117 1129 abneget
1135 1083 1382 1129 semetipsum
1401 1086 1438 1118 et
1459 1082 1512 1118 sic
1533 1081 1643 1117 tollat
1666 1091 1749 1116 cru-

956 1143 1052 1175 cem,
1072 1134 1111 1167 ut
1129 1131 1251 1177 primo
1267 1131 1441 1166 voluntas
1456 1130 1537 1175 eJ'us
1557 1128 1604 1164 sit
1624 1137 1749 1174 prom-

956 1182 1020 1226 pta
1032 1179 1079 1214 ad
1092 1189 1244 1214 omnem
1261 1177 1451 1213 miseriam
1468 1176 1747 1212 sustinendam.

957 1228 1001 1262 Et
1020 1226 1228 1262 notandum
1248 1225 1349 1272 quod
1370 1226 1515 1271 primus
1538 1225 1652 1259 homo
1673 1221 1749 1258 tria

956 1273 1122 1320 perdidit
1142 1284 1207 1319 per
1226 1276 1436 1319 peccatum,
1451 1271 1592 1308 scilicet
1611 1282 1618 1306 :
1637 1270 1748 1306 liber-

958 1325 1090 1365 tatem,
1104 1320 1323 1356 felicitatem
1344 1323 1381 1356 et
1401 1319 1641 1365 dignitatem,
1663 1327 1745 1363 quae

958 1368 1032 1404 tria
1052 1369 1162 1404 docet
1182 1368 1242 1404 hic
1262 1367 1443 1403 Dominus
1466 1377 1532 1411 per
1550 1366 1624 1401 trIa
1643 1375 1747 1401 recu-

958 1427 1094 1462 perare
1105 1428 1111 1452 z
1124 1416 1353 1459 libertatem,
1363 1426 1449 1451 cum
1459 1413 1568 1449 dicit:
1583 1414 1746 1457 Abneqet

960 1466 1215 1508 semetipsunm
1235 1462 1467 1506 felicitatem,
1485 1471 1569 1497 cum
1588 1460 1715 1496 subdit
1733 1471 1741 1496 :

960 1513 1008 1547 Et
1042 1512 1147 1546 tollat
1176 1521 1314 1546 crucem
1341 1521 1471 1555 summ
1505 1508 1743 1553 dignitatem,

962 1569 1046 1594 cum
1064 1557 1181 1594 addit:
1196 1561 1242 1594 Et
1259 1561 1436 1604 sequatur
1446 1568 1514 1593 rme.
1532 1556 1614 1599 Vel,
1634 1556 1746 1592 abne-

961 1609 1024 1653 get
1061 1605 1306 1651 semetipsum
1340 1605 1378 1641 in
1408 1603 1660 1651 prosperitate
1692 1605 1743 1646 et,

964 1654 1105 1689 malum
1117 1653 1630 1696 declinando;tollatcrucem
1640 1660 1747 1686 suam

962 1701 1000 1737 in
1020 1701 1301 1745 adversitate,et
1318 1701 1459 1737 bonum
1475 1698 1693 1746 operando;
1713 1701 1750 1733 et

963 1751 1143 1795 sequatur
1163 1759 1222 1784 me
1242 1747 1329 1784 vitae
1351 1746 1629 1790 conformitate,
1651 1748 1688 1781 et
1709 1744 1749 1780 in

963 1797 1081 1832 Deum
1100 1795 1228 1832 omnia
1249 1795 1474 1831 ordinando.
1497 1815 1541 1820 -—
1563 1796 1604 1829 In
1621 1791 1747 1829 verbis

963 1847 1088 1879 autem
1110 1843 1258 1879 Domini
1279 1842 1470 1889 praedictis
1498 1841 1748 1878 excluduntur

963 1901 1025 1926 sex
1040 1901 1180 1937 genera
1200 1891 1435 1936 poenitentiae
1450 1888 1597 1925 inutilis
1612 1900 1620 1924 ε
1637 1891 1674 1924 et
1693 1890 1750 1923 est

962 1937 1085 1983 prima
1104 1937 1269 1974 violenta
1290 1942 1422 1973 contra
1439 1937 1542 1983 quod
1563 1935 1653 1972 dicit
1674 1947 1682 1972 z
1706 1936 1748 1971 Si

963 1986 1046 2030 quis
1065 1986 1145 2020 vult
1166 1988 1249 2030 post
1272 1996 1327 2020 me
1347 1987 1481 2028 venire;
1504 1983 1669 2020 secunda
1690 1982 1746 2018 di-

963 2031 1122 2075 minuta,
1137 2032 1287 2077 quando
1306 2032 1449 2068 scilicet
1465 2033 1578 2067 homo
1598 2031 1663 2066 dat
1678 2040 1747 2066 sua

963 2080 1054 2123 Deo,
1074 2083 1110 2115 et
1126 2090 1165 2115 se
1186 2080 1342 2123 mundo,
1359 2083 1490 2115 contra
1510 2079 1610 2125 quod
1627 2077 1717 2113 dicit
1735 2089 1743 2114 ;

962 2127 1126 2170 Abneqet
1151 2129 1405 2173 semetipsum3
1435 2126 1547 2162 tertia
1571 2126 1745 2169 delicata,

963 2174 1051 2219 quia
1068 2175 1120 2209 sic
1138 2174 1270 2210 volunt
1285 2174 1401 2220 aliqui
1421 2175 1543 2210 facere
1564 2173 1747 2220 poeniten-

962 2221 1067 2265 tiam,
1085 2224 1123 2257 ut
1142 2222 1284 2257 nullam
1301 2221 1465 2258 sentiant
1484 2221 1745 2264 afflictionem,

963 2273 1094 2304 contra
1111 2269 1211 2314 quod
1245 2269 1359 2305 dicit:
1383 2272 1431 2305 Et
1452 2271 1558 2305 tollat
1578 2279 1741 2311 crucem3

962 2322 1097 2362 quarta
1130 2320 1313 2360 mutuata,
1336 2317 1488 2363 quando
1519 2315 1635 2361 aliqui
1662 2316 1746 2361 glo-

962 2363 1110 2400 riantur
1142 2364 1188 2399 de
1220 2363 1462 2410 passionibus
1492 2367 1657 2410 patrum,
1688 2361 1745 2397 vel

963 2411 1122 2447 fratrum
1138 2411 1388 2457 suorum,ipsi
1402 2422 1489 2446 vero
1506 2410 1597 2446 nihil
1614 2409 1747 2445 talium

962 2458 1117 2503 faciunt,
1128 2461 1261 2496 contra
1277 2459 1377 2505 quod
1399 2458 1510 2494 dicit:
1531 2459 1657 2498 Suam,
1670 2467 1745 2492 non

962 2505 1144 2550 alienam;
1159 2506 1290 2552 quinta
1300 2509 1579 2549 momentanea,
1592 2504 1744 2550 quando

962 2552 1077 2599 aliqui
1098 2564 1176 2589 una
1195 2553 1255 2589 die
1278 2553 1487 2596 abstinent,
1510 2556 1547 2588 et
1564 2551 1648 2588 ali1s
1670 2551 1746 2586 die-

962 2601 1032 2637 bus
1052 2600 1197 2636 deliciis
1214 2603 1362 2645 vacant,
1384 2603 1515 2636 contra
1532 2599 1635 2646 quod
1655 2597 1746 2634 dicit

961 2647 1002 2683 in
1024 2649 1139 2684 Luca:
1151 2649 1333 2693 Quotidie;
1345 2651 1448 2683 sexta
1459 2647 1649 2689 simulata,
1662 2655 1743 2691 quae

963 2698 1020 2731 est
1052 2695 1350 2741 hypocritarum,
1387 2699 1518 2731 contra
1551 2694 1651 2740 quod
1686 2693 1743 2727 di-

964 2742 1038 2779 cit:
1063 2745 1109 2778 Et
1126 2746 1302 2788 sequatur
1320 2753 1390 2783 me,
1427 2753 1504 2778 non
1531 2751 1620 2777 vero
1642 2740 1744 2775 favo-

964 2800 1044 2825 rem
1065 2790 1210 2826 mundi.
