1907 3139
435 175 484 208 DE
523 173 727 207 SERMONE
766 175 815 208 ET
853 174 1073 210 ORATIONE
1114 174 1268 208 [inilllNl
1311 175 1351 207 {N
1391 174 1528 207 CoENA.
1743 167 1804 204 363

167 257 234 293 per
252 255 436 291 amorem,
455 245 544 291 quia
564 245 700 281 caritas
725 244 811 281 facit
833 255 948 282 unum

167 305 248 330 esse
280 304 364 330 cum
391 295 481 329 Deo.
503 292 616 336 Quasi
645 292 788 329 (liceret
814 305 821 328 ε
847 295 949 329 Sicut

168 343 280 378 Pater
308 340 429 387 diligit
460 340 607 384 Filium,
645 343 681 376 et
711 351 731 376 e
766 351 947 377 converso

168 389 279 425 Filius
306 391 474 432 Patrem;
495 388 547 423 ila
568 386 637 434 ipsi
665 387 872 434 diligebant
896 388 948 424 Fi-

167 436 259 473 lium
280 441 317 473 et
343 437 507 472 Patrem.
538 437 692 471 Fructus
715 440 840 471 autem
864 435 950 471 uni-

167 486 254 520 tatis
285 486 355 528 est,
376 487 417 519 ut
443 484 613 527 mundus,
635 485 735 518 totus
758 483 950 529 priedIca—

169 532 271 568 tione
281 541 413 568 eorum
433 541 649 575 conversuS,
662 531 799 574 credat,
813 536 849 567 et
867 541 950 577 cog-

167 583 310 624 noscat,
347 581 437 625 quiet
468 582 508 614 tu
532 589 586 613 me
609 580 759 623 misisti,
785 581 822 614 et
851 578 950 625 quod

168 626 340 663 doctrina
362 636 475 672 quam
500 626 585 661 dedi
610 625 664 661 eis
697 625 744 662 sit
768 636 790 662 a
814 631 869 670 te3
899 628 951 662 sic

169 676 270 710 cuim
303 685 433 710 omnes
463 684 578 709 unum
607 679 729 709 erunt.
758 674 850 710 Nam
884 684 951 720 per

169 722 261 757 nihil
279 721 382 758 aliud
401 721 664 757 manifestatur
678 720 817 757 veritas
835 722 951 757 Evan-

168 768 270 815 gelii,
308 771 404 805 sicut
438 779 504 814 per
535 768 731 805 caritatem
767 768 947 804 lidcliuin.

170 816 276 853 Unde
296 816 348 852 ait
365 817 639 861 Chrysostomus
661 829 670 852 :
694 831 712 849 «
732 816 827 852 Nihil
850 817 951 852 enim

169 869 245 900 tam
266 863 493 901 scandalizat
507 874 651 907 omnes,
667 867 705 900 ut
722 865 769 899 ab
791 864 952 899 invicem

170 911 310 956 dividi;
341 911 441 958 quod
478 914 604 947 autem
640 911 837 947 credentes
859 911 951 947 fiant

170 970 302 1001 unum,
331 961 401 995 hoc
432 959 595 995 aedificat
621 959 668 994 ad
701 959 828 994 fidem.
860 971 876 992 »
906 960 952 994 Et

169 1018 232 1051 690
251 1008 456 1042 claritatem
472 1017 581 1051 quam
596 1006 734 1041 dedisti
746 1007 850 1049 milii,
868 1006 953 1041 dedi

169 1056 240 1099 eis;
271 1054 359 1100 quia
405 1056 632 1100 potestatem
668 1053 950 1093 miraculorum,

169 1112 237 1148 per
251 1112 363 1147 quam
379 1102 570 1138 declarata
584 1106 639 1137 est
654 1100 830 1137 divinitas
845 1100 952 1138 Chri-

170 1151 231 1195 sti,
257 1150 360 1185 dedit
384 1149 582 1196 Apostolis.
611 1149 715 1184 Unde
742 1150 952 1194 Chi-ysosto-

169 1207 249 1233 mus
265 1209 275 1232 :
296 1211 315 1230 <‹
334 1197 552 1233 Claritatem
570 1196 659 1232 dicit
674 1197 848 1243 gloriam,
870 1207 953 1242 quae

170 1247 226 1281 est
250 1255 318 1291 per
339 1246 448 1290 signa
468 1247 505 1280 et
527 1244 716 1289 dogmata,
738 1247 775 1280 et
796 1247 836 1280 ut
856 1254 952 1280 una-

171 1291 294 1328 nimes
316 1291 404 1328 sint.
429 1305 447 1326 i>
471 1292 606 1328 subdit
627 1292 754 1337 itaque
778 1303 786 1327 :
814 1293 859 1328 Ut
879 1293 955 1328 sint

170 1351 295 1383 unum,
314 1341 409 1376 sicut
423 1343 456 1375 et
471 1350 534 1375 nos
554 1350 666 1375 unum
683 1350 821 1383 sumus,
840 1339 877 1375 id
897 1342 954 1375 est

173 1390 211 1424 ut
251 1387 324 1423 sint
360 1387 399 1423 in
434 1398 524 1423 vera
560 1386 704 1423 unitate
746 1387 920 1423 Ecclesiae
942 1415 952 1431 ,

171 1436 314 1481 absque
341 1434 559 1471 schismate.
591 1435 693 1471 Unde
724 1434 823 1470 idem
844 1436 953 1479 Chry-

170 1486 347 1518 sostomus
365 1496 375 1518 :
400 1495 417 1517 α
442 1484 526 1518 Haec
546 1481 647 1518 enim
666 1481 798 1528 gloria,
819 1484 861 1518 ut
879 1481 953 1518 sint

172 1541 304 1574 unum,
327 1530 440 1566 etiam
462 1529 580 1576 siguis
602 1530 723 1576 maJ'or
743 1532 812 1565 est.
835 1542 851 1563 n
874 1531 950 1573 Ego

171 1579 210 1613 in
225 1578 291 1622 eis,
308 1587 375 1624 per
396 1578 557 1624 gratiam
569 1580 605 1613 et
618 1588 682 1623 per
694 1576 861 1613 caritatis
875 1577 953 1623 Spi-

172 1624 300 1670 ritum,
323 1629 356 1661 et
378 1629 417 1661 tu
437 1628 475 1661 in
496 1636 564 1669 me,
589 1635 653 1670 per
674 1624 859 1661 unitatem
881 1625 951 1661 sci-

173 1672 261 1708 licet
274 1676 419 1709 naturae
435 1676 471 1709 et
486 1672 767 1716 substantiae‚et
783 1683 852 1718 per
867 1683 952 1708 con-

173 1730 332 1766 sequens
356 1720 469 1756 etiam
490 1723 530 1757 tu
552 1721 587 1755 in
609 1719 663 1756 eis
683 1730 750 1766 per
774 1720 951 1756 eumdem

174 1768 366 1814 Spiritum.
401 1768 483 1811 Vel,
518 1768 723 1804 secundum
750 1768 952 1812 Hilarium,

173 1826 236 1860 eqo
258 1818 297 1851 in
325 1818 390 1860 eis,
415 1816 558 1851 scilicet
579 1825 661 1851 sum
684 1825 751 1861 per
769 1814 951 1851 unitatem

174 1864 638 1909 nat.uraeliumanae,quam
649 1862 821 1898 eamdem
832 1862 952 1898 habeo

175 1921 257 1946 cum
278 1911 383 1958 ipsis,
400 1914 436 1947 et
455 1912 568 1947 etiam
588 1909 675 1957 quia
694 1909 741 1946 do
759 1908 850 1956 ipsis
869 1911 955 1946 Cor-

175 1969 243 2004 pus
264 1969 388 1995 meum
410 1958 447 1994 in
470 1958 595 1995 cibum
618 1958 953 2002 sacramentalem;

174 2009 206 2041 et
228 2009 267 2042 tu
288 2008 398 2042 inme
417 2017 484 2053 per
502 2006 685 2042 unitatem
707 2006 894 2049 essentiae,
915 2008 956 2040 ut

175 2053 228 2089 sic
244 2056 318 2090 sint
338 2055 591 2098 consummati,
610 2053 647 2089 id
669 2056 724 2089 est
747 2052 898 2098 perfecti
918 2054 957 2088 in

174 2112 300 2145 umam,
319 2102 406 2148 quia
426 2112 493 2147 per
512 2101 692 2137 unionem
711 2100 957 2136 humanitatis

176 2148 315 2185 Christi
334 2150 381 2185 ad
404 2151 520 2185 Deum
540 2149 637 2184 facta
659 2149 715 2184 est
733 2147 823 2184 unio
843 2149 958 2183 totius

176 2201 373 2232 creaturae.
398 2199 443 2233 Ut
467 2198 555 2241 sint,
577 2195 713 2242 inquit,
736 2206 958 2231 eonsumma-

177 2245 207 2279 ti
238 2245 278 2280 in
310 2255 435 2284 unum,
466 2244 503 2280 in
534 2242 726 2289 praesenti,
756 2242 795 2278 in
826 2241 959 2279 initate

176 2290 344 2328 caritatis
376 2295 413 2328 et
439 2291 570 2337 gratiae
600 2301 668 2337 per
696 2289 832 2334 lidem3
862 2292 958 2326 etin

176 2338 300 2375 futuro
322 2339 359 2375 in
382 2340 524 2375 unitate
546 2338 691 2385 gloriae,
714 2343 749 2373 et
770 2337 959 2373 fruitionis

176 2385 312 2422 divinae
351 2397 419 2433 per
454 2386 632 2434 speciem.
669 2386 723 2421 Ad
752 2386 827 2421 ⁴hoc
857 2384 958 2420 enim

176 2436 257 2470 tota
275 2435 395 2470 tendit
417 2434 554 2479 oratio,
576 2434 614 2469 in
637 2444 711 2479 qua
738 2432 880 2479 pluries
901 2431 959 2468 in-

178 2481 300 2517 culcat
320 2482 463 2519 orando
486 2485 524 2517 ut
549 2481 622 2517 sint
645 2491 772 2516 unuin.
801 2479 859 2516 Sic
878 2490 960 2516 om-

179 2538 246 2564 nes
268 2540 377 2566 orare
407 2531 543 2566 dehent
568 2540 635 2575 pro
657 2527 803 2564 unitate
828 2527 959 2574 gratiae

179 2575 217 2611 in
238 2575 311 2617 via,
334 2579 370 2612 et
395 2587 462 2624 pro
483 2577 806 2613 consummatione
831 2575 960 2621 gloriae

182 2622 219 2658 in
247 2624 368 2669 patria
394 2639 401 2661 :
435 2629 475 2661 ut
501 2625 560 2660 hic
587 2624 752 2660 habeant
780 2623 960 2659 unitatem

182 2671 347 2707 caritatis
377 2675 412 2707 et
442 2672 572 2718 gratiae
604 2682 671 2718 per
697 2671 824 2714 sillem,
847 2672 884 2706 et
909 2670 961 2706 ihi

183 2719 365 2755 unitatem
386 2719 574 2756 fruitionis
592 2722 628 2755 et
647 2717 777 2765 gloriae
796 2729 862 2764 per
879 2729 961 2763 spe-

179 2765 288 2802 ciem.
304 2767 343 2802 ln
355 2768 493 2803 unione
510 2765 678 2803 caritatis
693 2764 864 2802 consistit
874 2776 957 2812 per>

180 2813 290 2850 sectio
310 2813 531 2851 Christianae
555 2812 764 2861 religionis,
787 2811 876 2859 quia
897 2823 963 2859 per

1024 246 1095 282 hoc
1124 245 1296 281 membra
1323 243 1499 280 Ecclesiae
1531 242 1813 289 conjunguntur

1024 295 1071 330 ad
1092 292 1266 336 invicem,
1289 295 1326 328 et
1344 290 1455 338 capiti
1480 290 1621 327 homini
1646 290 1811 332 Christo,

1025 344 1060 377 et
1084 339 1238 377 ulterius
1257 339 1328 386 ipsi
1354 340 1429 375 Deo
1451 352 1460 374 ε
1481 339 1551 382 Qui
1572 337 1670 374 enini
1691 338 1813 372 adhae-

1024 392 1078 425 ret
1103 390 1268 432 Domino,
1297 397 1391 422 unus
1417 388 1573 432 spiritus
1597 389 1671 428 θείς
1701 387 1737 420 et
1759 382 1813 420 sic

1025 447 1092 483 per
1120 445 1356 481 consequens
1377 434 1542 480 primum
1567 431 1812 484 principium,

1026 485 1124 530 quod
1153 485 1210 520 est
1236 483 1349 527 Deus,
1378 482 1618 527 conjungitur
1650 480 1810 522 homini,

1026 531 1090 577 qui
1111 535 1167 568 est
1185 530 1465 576 quodammodo
1483 527 1607 564 omnis
1624 530 1813 562 creatura.

1027 576 1127 615 Fi'nis
1144 582 1269 615 autem
1286 575 1444 614 unitatis
1460 579 1531 620 est,
1548 578 1588 611 ut
1607 576 1813 619 coynoscat,

1026 629 1114 662 tunc
1136 629 1204 673 per
1222 624 1401 672 speciem,
1425 623 1599 666 mundus,
1623 633 1665 657 ex
1688 621 1813 656 inimi—

1028 685 1069 710 co
1094 675 1238 710 amicus
1263 673 1434 716 effectus,
1459 671 1496 707 id
1524 673 1581 706 est
1602 670 1815 711 credentes,

1028 723 1116 767 quia
1130 726 1168 757 tu
1185 731 1240 756 me
1258 721 1409 764 misisti,
1426 723 1458 755 et
1473 717 1643 754 dileoeisti
1658 727 1728 759 eos,
1748 717 1816 750 sic-

1027 772 1067 804 ut
1088 772 1120 804 et
1143 779 1197 804 me
1221 769 1402 804 dileoeisti.
1428 766 1532 802 Unde
1551 765 1784 808 Auglustinus
1807 775 1817 797 :

1029 829 1046 850 «
1070 817 1111 852 In
1140 816 1232 852 Filio
1267 817 1404 862 quippe
1432 815 1545 850 Pater
1573 823 1641 848 nos
1669 809 1813 864 diligit;

1029 863 1117 910 quia
1153 863 1192 899 in
1226 875 1269 900 eo
1306 874 1371 899 nos
1405 862 1532 907 elegit.
1571 861 1663 897 Cum
1699 861 1816 911 igitur

1029 922 1160 947 eorum
1181 922 1265 956 quae
1282 909 1368 947 fecit
1387 910 1479 945 nihil
1501 907 1637 950 oderit,
1659 908 1740 953 quis
1761 906 1814 941 di-

1029 970 1099 1005 gne
1115 959 1228 1003 possit
1246 958 1349 1004 loqui
1362 961 1544 1003 quantum
1559 954 1690 1001 diligat
1702 963 1818 1006 mem-

1029 1008 1098 1043 bra
1119 1005 1308 1053 Unigeniti
1330 1005 1401 1050 sui,
1430 1008 1467 1041 et
1493 1006 1632 1050 quanto
1655 1001 1817 1048 amplius

1028 1054 1152 1100 ipsum
1171 1053 1429 1100 Unigenitum.
1456 1065 1472 1086 »

1083 1116 1120 1148 17
1137 1103 1246 1138 PETIT
1261 1112 1417 1142 nemone
1429 1110 1718 1137 CONJUNCTIONEM
1730 1108 1819 1134 MEM-

1029 1161 1173 1185 nnontm
1190 1162 1233 1185 An
1250 1160 1374 1185 CAPUT.
1395 1170 1436 1174 -—
1456 1148 1600 1184 Deinde
1618 1146 1713 1193 petit
1727 1156 1818 1182 con-

1026 1197 1263 1243 junctionem
1282 1197 1539 1232 membrorum
1556 1194 1603 1231 ad
1622 1197 1747 1240 caput,
1767 1193 1820 1229 di-

1031 1255 1118 1280 cens
1149 1256 1156 1280 :
1182 1248 1304 1289 Pater,
1339 1255 1428 1289 quos
1456 1243 1593 1279 dedisti
1616 1243 1722 1286 mihi,
1754 1251 1820 1287 per

1029 1302 1158 1328 veram
1187 1293 1303 1329 fidem
1325 1291 1364 1327 iu
1394 1293 1459 1328 tua
1485 1287 1819 1336 praedestinatione

1029 1341 1076 1376 ah
1098 1343 1257 1385 aeterno,
1276 1341 1370 1383 υοίο,
1391 1338 1429 1374 id
1452 1341 1508 1375 est
1530 1349 1596 1374 oro
1619 1340 1654 1373 et
1676 1335 1819 1373 deside-

1028 1398 1085 1432 ro,
1118 1390 1159 1423 ut
1185 1388 1249 1423 ubi
1276 1398 1355 1422 sum
1386 1397 1462 1431 eqo,
1492 1387 1565 1422 cito
1594 1385 1756 1428 futurus,
1785 1385 1818 1419 et

1028 1436 1088 1470 illi
1106 1437 1181 1470 sint
1207 1445 1359 1478 mecum,
1386 1435 1420 1469 id
1442 1437 1499 1469 est
1519 1433 1559 1468 in
1580 1437 1724 1468 aeterna
1743 1432 1818 1467 be-

1028 1481 1228 1528 atitudine,
1249 1482 1288 1518 in
1305 1492 1378 1528 qua
1396 1479 1599 1527 etiamJam
1617 1483 1697 1516 erat
1715 1478 1819 1516 Chri-

1028 1533 1107 1566 stus
1128 1529 1339 1572 actualiter,
1361 1533 1546 1576 quautum
1566 1528 1613 1564 ad
1634 1527 1815 1571 animam,

1028 1588 1111 1624 quie
1128 1580 1282 1623 estpars
1297 1575 1545 1623 principalior
1560 1574 1726 1611 hominis
1749 1585 1756 1610 :
1777 1576 1819 1610 ut

1027 1626 1178 1661 videant
1199 1627 1406 1661 claritatem
1426 1635 1555 1666 meam,
1581 1634 1692 1668 quam
1713 1622 1818 1657 dedi-

1027 1674 1078 1709 sti
1104 1673 1210 1717 mihi,
1244 1673 1279 1709 id
1312 1674 1369 1708 est
1402 1670 1640 1708 divinitatem
1678 1679 1817 1714 meam,

1028 1721 1085 1755 vel
1101 1720 1313 1756 claritatem
1326 1720 1496 1766 corporis
1511 1718 1585 1755 mei
1602 1717 1818 1764 glorifican-

1029 1767 1080 1811 di,
1093 1773 1294 1813 utramque
1310 1766 1412 1803 enim
1431 1765 1569 1803 Christi
1588 1764 1816 1810 claritatem,

1031 1817 1067 1851 et
1096 1816 1304 1852 secundum
1335 1813 1593 1858 divinitatem,
1622 1815 1660 1849 et
1681 1823 1817 1848 secun-

1030 1863 1119 1899 dum
1140 1862 1411 1898 humanitatem
1429 1861 1555 1898 Sancti
1574 1860 1611 1896 in
1624 1859 1746 1906 gloria
1761 1858 1815 1895 vi-

1031 1910 1192 1954 debunt;
1217 1912 1305 1955 quia
1332 1909 1503 1945 dileoeisti
1528 1919 1597 1952 me,
1626 1905 1818 1944 essentiali

1033 1957 1246 2001 dilectione„
1265 1960 1348 1993 ante
1366 1958 1661 1992 constitutionem
1673 1955 1817 1998 mundi,

1033 2008 1070 2041 et
1091 2006 1137 2041 ab
1157 2008 1300 2041 aeterno
1325 2016 1332 2040 :
1354 2005 1425 2040 hoc
1442 2006 1547 2050 patet
1568 2006 1749 2049 quantum
1771 2002 1819 2038 ad

1034 2052 1170 2090 Christi
1201 2053 1394 2096 deitatem,
1432 2051 1605 2088 similiter
1637 2053 1820 2096 quantum

1034 2100 1082 2137 ad
1110 2099 1398 2145 humanitatem,
1430 2100 1468 2135 in
1504 2102 1688 2145 quantum
1721 2099 1820 2133 Deus

1036 2150 1147 2184 Pater
1160 2147 1392 2183 aeterntiliter
1402 2144 1686 2193 praedestinavit
1697 2145 1819 2192 ipsam

1036 2196 1080 2232 ad
1110 2196 1206 2231 hanc
1229 2194 1389 2241 gloriam
1416 2197 1452 2231 et
1476 2193 1754 2230 exaltationem.
1779 2194 1820 2228 In

1035 2243 1114 2289 ipso
1145 2243 1260 2279 etiam
1300 2240 1429 2278 dilexit
1462 2252 1529 2278 nos
1566 2245 1652 2277 ante
1688 2240 1821 2276 mundi

1036 2289 1343 2326 constitutionem
1364 2288 1712 2336 praedestiuatione‚
1734 2289 1823 2333 quia

1036 2339 1207 2374 membra
1229 2337 1310 2384 ejus
1331 2347 1479 2382 sumus;
1505 2339 1542 2372 et
1565 2334 1759 2382 diligimur
1782 2334 1821 2370 in

1036 2385 1099 2421 illo
1122 2384 1184 2431 qui
1202 2388 1303 2421 totus
1322 2384 1503 2431 diligitur,
1523 2383 1562 2420 id
1584 2388 1639 2420 est
1657 2386 1767 2430 caput
1785 2385 1822 2418 et

1037 2443 1195 2479 corpus.
1219 2434 1282 2469 Est
1306 2431 1407 2468 enim
1430 2431 1471 2468 in
1491 2431 1602 2468 nobis
1626 2434 1821 2477 tamquam

1036 2480 1074 2516 in
1097 2480 1236 2527 templo
1265 2491 1345 2525 suo,
1376 2490 1445 2516 nos
1465 2483 1591 2516 autem
1613 2478 1651 2514 in
1675 2478 1739 2514 illo
1761 2489 1822 2514 se-

1037 2528 1201 2564 cundum
1221 2527 1321 2574 quod
1341 2530 1452 2574 caput
1471 2529 1641 2563 nostrum
1659 2531 1728 2562 est.
1752 2525 1821 2562 Ubi

1036 2576 1268 2620 Auqustinus
1290 2589 1300 2611 .·
1325 2589 1343 2608 (ι
1368 2577 1406 2611 ln
1429 2585 1605 2621 magnam
1626 2584 1730 2619 spem
1754 2574 1825 2608 Do-

1038 2622 1162 2659 minus
1192 2625 1302 2660 Jesus
1335 2633 1423 2659 suos
1453 2623 1577 2668 erigit,
1611 2621 1672 2667 qui
1699 2621 1821 2666 major

1038 2681 1121 2707 esse
1152 2681 1229 2707 non
1257 2672 1397 2717 possit;
1421 2669 1548 2706 audite
1574 2672 1610 2705 et
1637 2671 1754 2704 estote
1779 2667 1819 2703 in

1038 2729 1104 2765 spe
1125 2718 1346 2764 gaudentes,
1367 2721 1407 2754 ut
1427 2728 1507 2754 esse
1528 2715 1680 2763 possitis
1700 2715 1738 2751 in
1758 2713 1823 2751 tri-

1038 2765 1232 2802 bulatione
1257 2765 1456 2813 patientes,
1483 2764 1625 2809 audite,
1649 2762 1820 2809 inquam,

1039 2815 1075 2849 et
1096 2814 1134 2849 in
1155 2824 1229 2860 quo
1255 2823 1338 2860 spes
1359 2816 1489 2849 nostra
1510 2811 1669 2855 levetur,
1691 2811 1822 2846 atten-
