1855 3139
74 187 111 221 18
427 214 437 222 Α
553 177 757 214 SECUNDAE
794 177 947 212 PARTIS
986 176 1122 209 CAPUT
1161 175 1211 208 III

73 257 136 293 sed
166 254 290 299 qratia
316 253 381 288 Dei
413 259 562 294 meeum,
585 250 769 302 quantum
795 247 846 301 ad

73 303 236 340 tertiam.
251 301 416 337 Joannes
433 296 545 334 etiam
559 296 753 342 privilegio
775 306 847 348 sln-

75 349 215 398 gularis
242 346 382 384 amoris
410 344 475 381 Dei
505 345 653 380 dotatus
680 343 848 395 fuitrsic

73 399 215 435 bonurn
238 394 408 431 divinum
430 402 541 439 super
570 390 696 427 onmia
719 390 849 441 diligat

76 448 114 482 et
142 444 181 481 in
203 441 375 479 omnibus
401 438 628 476 transitoriis
657 437 748 473 nihil
776 437 849 472 ni51

76 501 245 529 amorem
272 488 439 525 divinum
465 485 714 532 concupiscat.
741 485 849 535 Item,

50 561 54 564 Δ
76 542 210 576 Petrus
229 536 302 573 alio
320 534 473 571 nomine
491 534 611 570 dietus
632 532 772 575 Simon,
788 541 851 575 qul

77 586 346 631 interpretatur
365 582 544 621 obediens,
565 579 750 625 significat
768 578 853 630 obe-

78 632 281 675 dienfiam,
302 632 483 672 Joannes,
501 629 540 662 in
561 637 629 672 qao
647 627 783 670 qratia,
803 635 852 677 si·-

77 680 231 729 gnificat
249 675 657 719 munditian1;Jacobus
672 683 773 715 vero,
791 682 855 717 qul

80 731 248 768 luctator,
280 724 339 760 vel
373 724 631 768 supplantans,
667 719 855 771 significat

79 776 340 823 paupertatem
376 768 626 806 voluntariam
668 778 676 803 :
718 770 753 802 et
784 769 857 819 ista

79 822 154 859 tria
191 819 332 857 faciunt
363 817 490 852 videre
529 815 738 851 claritatem
766 813 857 849 d1v1-

80 880 185 913 nam,
208 867 301 904 sicut
328 864 389 901 isti
409 863 583 899 viderunt
608 861 857 913 transfigura-

82 917 239 953 tionem.
261 913 361 950 Felix
391 911 453 957 qui
480 911 592 946 talem
619 913 799 952 montem,
819 907 857 943 1d

84 967 140 1001 est
158 960 401 999 eminentiam
419 961 504 993 vitae
525 956 707 1001 ascendit,
724 956 762 991 in
784 965 856 1007 quo

83 1014 170 1048 sunt
201 1013 276 1045 tres
309 1006 462 1052 gradus,
492 1004 634 1040 scilicet
661 1015 668 1039 :
698 1004 858 1049 abJ'ectio

85 1058 159 1102 sui,
189 1053 428 1092 mortificatio
461 1051 598 1095 carnis,
626 1054 860 1095 contemptus

85 1099 288 1142 mundanae
326 1098 606 1146 prosperitatis,
645 1098 691 1134 de
727 1097 860 1143 quibus

87 1161 200 1198 supra
218 1147 386 1196 proximo
408 1145 570 1192 capitulo
593 1156 601 1180 t
624 1146 666 1181 Si
687 1148 768 1190 qais
785 1146 863 1180 vult

85 1202 167 1246 post
193 1207 247 1232 me
269 1197 403 1235 venire,
430 1194 581 1237 abneqet
617 1194 861 1238 semetipsam,

89 1250 121 1282 et
138 1246 243 1281 tollat
259 1252 396 1278 crucem
412 1251 528 1280 snam,
543 1243 575 1275 et
594 1243 768 1284 sequatur
785 1250 839 1274 nze
852 1241 864 1274 l

88 1292 187 1330 Felix
204 1290 266 1337 qui
287 1289 339 1325 sic
354 1287 513 1324 orationi
529 1286 667 1323 insistit
681 1286 753 1333 pie,
770 1287 863 1322 fide-

88 1341 175 1376 liter
189 1343 225 1374 et
245 1338 540 1383 perseveranter,
552 1335 671 1370 donec
686 1336 866 1380 appareat

92 1386 212 1434 gloria
232 1384 271 1420 in
299 1382 390 1420 l'acie
417 1381 556 1426 clerici,
580 1381 643 1427 qui
662 1382 865 1427 transfigu-

91 1436 223 1470 rantur
244 1432 282 1467 in
310 1431 426 1466 solem
451 1430 539 1465 dum
560 1429 686 1464 lucent
708 1439 773 1474 per
795 1428 866 1464 sci-

93 1480 246 1522 entiam,
269 1478 401 1514 ardent
421 1487 486 1522 per
504 1476 712 1519 caritatem,
734 1475 869 1512 illumi-

93 1531 184 1564 nant
206 1537 270 1572 per
290 1525 499 1570 exemplum
520 1527 556 1558 et
577 1523 810 1567 doctrinam3
834 1526 869 1559 et

94 1575 133 1611 in
165 1571 395 1609 vestimentis
430 1570 530 1614 laici,
558 1571 695 1615 quibus
734 1570 871 1606 suflicit

97 1621 230 1659 albedo
253 1619 346 1655 nivis
375 1629 442 1664 per
468 1617 691 1654 munditiam
718 1617 869 1662 mentis,

99 1668 223 1706 carnis
244 1670 280 1702 et
301 1665 446 1712 operis!

146 1719 168 1759 4
184 1716 376 1750 ArrAmrio
396 1714 531 1748 Morffls
550 1724 590 1748 ET
607 1713 701 1748 1321AE
719 1723 871 1752 musore

101 1774 231 1799 CAUSAE.
260 1782 303 1787 -
336 1763 382 1796 Et
409 1771 483 1796 ecce
520 1764 770 1806 apparuerunt
796 1760 873 1795 illis

100 1813 240 1855 Moyses
259 1809 336 1855 Jam
357 1811 541 1851 mortuus,
564 1807 766 1842 secundum
788 1807 873 1842 ani-

101 1867 215 1900 mam,
236 1856 276 1891 in
308 1865 464 1900 corpore
487 1857 694 1900 assumpto,
721 1852 874 1898 vel-sibi

103 1904 293 1949 adaptato,
315 1902 409 1937 sicut
427 1901 578 1947 quando
601 1905 781 1946 apparent
800 1902 874 1936 An-

104 1951 177 1997 geli
191 1950 229 1986 in
247 1948 468 1995 corporibus
484 1948 703 1994 assumptis3
727 1952 759 1983 et
773 1950 876 1984 Elias

104 1998 225 2035 adhuc
240 1996 343 2031 vivus
364 1995 401 2030 in
423 1995 546 2030 anima
565 1998 600 2030 et
620 2006 776 2041 corpore
795 2006 879 2041 pro-

104 2045 200 2091 prio,
211 2044 344 2080 allatus
358 2042 402 2077 de
414 2041 601 2087 paradiso.
616 2043 878 2087 Apparuerunt

107 2101 190 2128 cum
231 2089 374 2126 Christo
410 2089 470 2124 isti
503 2089 577 2124 duo
611 2089 735 2134 potius
767 2099 879 2134 quam

109 2138 186 2182 alii,
213 2137 307 2172 alter
340 2141 522 2179 mortuus,
549 2135 644 2171 alter
676 2136 797 2171 adhuc
831 2136 881 2171 vi-

108 2195 190 2225 vus,
218 2183 258 2219 in
292 2182 440 2228 signum
474 2182 574 2227 quod
611 2181 812 2218 viventium
845 2188 882 2218 et

110 2234 363 2273 mortuorum,
393 2240 458 2265 seu
486 2228 571 2264 vitae
605 2232 641 2264 et
678 2229 808 2265 mortis
835 2231 884 2265 sit

111 2277 306 2321 Dominus,
329 2279 364 2312 et
392 2275 491 2322 quod
506 2275 600 2321 justi
627 2279 703 2311 tam
730 2277 882 2321 mortui,

113 2326 174 2372 qni
202 2335 269 2370 per
292 2325 454 2369 Moysen,
479 2333 590 2368 quam
619 2323 707 2367 vivi,
729 2324 791 2369 qui
818 2334 884 2369 per

112 2371 246 2416 Eliam,
274 2371 336 2416 qui
362 2373 530 2416 tempore
557 2369 689 2416 judicii
724 2371 782 2406 vel
811 2370 885 2406 vivi

115 2419 154 2455 in
179 2428 289 2454 carne
312 2415 539 2463 reperiendi,
561 2416 617 2452 vel
639 2427 662 2452 a
681 2420 800 2453 morte
826 2429 884 2453 re-

116 2463 321 2503 suscitandi
353 2466 461 2507 sunt,
498 2463 690 2508 regnaturi
725 2467 811 2499 sunt
848 2465 887 2500 in

115 2512 238 2560 gloria
266 2521 350 2547 cum
378 2510 455 2546 illo.
484 2512 590 2554 Item,
622 2515 663 2546 ut
689 2511 887 2547 ostendant

114 2560 237 2606 ipsum
269 2568 352 2594 esse
378 2568 488 2603 quem
521 2558 627 2603 Legis
656 2561 693 2593 et
724 2559 887 2604 Prophe-

115 2609 238 2643 tarum
258 2604 396 2650 scripta
417 2604 669 2649 praedixerunt
693 2608 729 2641 et
746 2606 886 2651 promi-

116 2657 260 2696 serunt,
279 2655 316 2687 et
332 2655 370 2687 ut
390 2651 475 2687 hinc
495 2655 673 2696 appareat
693 2653 794 2697 qnod
815 2654 887 2688 Lex

116 2704 153 2737 et
177 2699 371 2746 Prophetae
403 2709 424 2734 a
448 2698 618 2734 doctrina
646 2698 783 2734 Christi
811 2710 885 2735 non
927 2705 928 2714 ¹

118 2747 358 2790 discordant,
391 2748 427 2781 et
461 2745 560 2791 quod
598 2745 682 2781 finis
712 2745 819 2792 Legis
851 2750 888 2782 et

923 249 1001 283 stus
1039 247 1133 289 erat,
1176 247 1212 281 et
1253 245 1335 291 ejus
1373 244 1507 290 gloria,
1543 248 1697 292 propter

922 303 1034 340 quam
1060 294 1264 336 venerant3
1288 294 1324 328 et
1348 295 1390 328 ut
1416 293 1494 337 ipse
1521 294 1694 330 ostende-

924 343 980 377 ret
993 351 1032 376 se
1044 350 1125 376 esse
1138 350 1250 385 supra
1262 340 1411 385 Legem,
1422 350 1535 385 quam
1554 342 1696 387 Moyses

924 387 1130 433 Legislator
1150 387 1265 430 dedit,
1286 390 1322 422 et
1342 397 1455 433 supra
1475 389 1697 434 ProphetaS,

923 435 1023 471 inter
1056 444 1146 479 quos
1179 433 1278 469 Elias
1310 434 1534 480 praedicator
1566 435 1698 482 praeei-

924 493 1018 528 puus
1042 482 1122 517 fuit.
1147 482 1218 516 Per
1237 483 1390 526 Moysen
1412 482 1563 527 quidem
1587 481 1702 529 signi-

926 530 1060 565 ficatur
1079 530 1168 572 Lex3
1192 538 1260 573 per
1279 528 1398 564 Eliam
1428 530 1641 575 Prophetae3
1663 532 1701 565 et

926 587 993 623 per
1014 575 1213 611 Dominum
1240 576 1497 621 Evangelium.
1522 576 1704 623 Apparuit

928 634 1016 668 ergo
1034 622 1215 658 Dominus
1229 622 1376 658 medius
1390 622 1489 659 inter
1503 625 1653 671 Moysen
1669 627 1706 661 et

928 670 1060 714 Eliam,
1086 673 1278 715 tamquam
1301 669 1380 715 ipse
1403 673 1439 706 et
1460 671 1705 717 Evangelium

928 718 1111 754 haberent
1133 728 1154 752 a
1182 718 1276 762 Lege
1305 721 1342 752 et
1367 718 1563 763 Prophetis
1596 719 1705 755 testi-

929 766 1110 801 monium.
1127 766 1234 808 Item,
1247 775 1344 800 unus
1358 769 1544 810 mortuus,
1555 768 1592 801 et
1609 768 1706 802 alter

929 812 1034 848 vivus
1071 812 1257 858 apparuit,
1283 815 1325 847 ut
1354 811 1565 858 significent
1602 813 1706 850 Chri-

931 863 1029 896 stum
1044 859 1280 903 moriturum,
1297 862 1333 894 et
1347 858 1482 895 iterum
1499 860 1682 897 victurum
1698 887 1707 904 ‚

931 908 1003 950 vel,
1038 910 1076 942 ut
1118 917 1187 942 nos
1223 906 1359 942 mortui
1400 908 1518 943 simus
1554 908 1706 951 mundo;

932 954 1003 990 vivi
1041 957 1166 990 autem
1202 955 1290 989 Deo.
1326 955 1432 997 Item,
1456 958 1496 990 ut
1531 966 1573 990 ex
1607 954 1708 991 omni

932 1005 1039 1048 parte
1058 1000 1226 1037 Christus
1246 1001 1501 1037 testimonium
1522 1003 1679 1038 haberet
1698 1013 1706 1037 :

935 1050 980 1085 de
1002 1049 1095 1084 coelo
1124 1049 1272 1084 Patrem
1304 1049 1340 1084 in
1371 1060 1474 1092 voce,
1498 1049 1544 1085 de
1570 1051 1711 1086 aethere

935 1097 1087 1139 nubem,
1111 1096 1155 1131 de
1182 1095 1356 1141 paradiso
1380 1096 1512 1140 Eliam,
1539 1097 1584 1133 de
1612 1101 1714 1133 terra

935 1143 1197 1189 Apostolos,de
1210 1142 1357 1179 inferno
1366 1145 1516 1191 Moysen
1526 1145 1710 1180 subditur:

936 1193 983 1227 Et
1001 1201 1075 1226 ecce
1093 1191 1162 1225 duo
1184 1192 1257 1225 viri
1287 1190 1347 1226 isti
1369 1192 1609 1236 loquebantur
1634 1202 1714 1228 cum

904 1272 906 1283 ,
937 1239 1048 1274 illo...
1065 1241 1098 1273 et
1116 1238 1284 1274 dicebant
1303 1250 1485 1274 eoeeessam
1502 1240 1591 1285 ejas,
1610 1251 1716 1285 quem

939 1287 1180 1331 completurus
1204 1289 1281 1321 erat
1306 1288 1345 1321 in
1367 1289 1579 1328 Jerusalem,
1600 1287 1639 1323 id
1660 1290 1717 1323 est

940 1333 1174 1378 Passionem,
1191 1332 1229 1369 in
1251 1343 1323 1379 qua
1340 1333 1407 1369 suit
1426 1344 1597 1370 excessus
1616 1345 1717 1370 amo-

940 1381 1006 1425 ris,
1032 1380 1172 1416 doloris
1199 1385 1235 1416 et
1269 1380 1506 1417 humilitatis.
1536 1381 1589 1417 Ibi
1617 1381 1717 1417 enim

942 1438 1048 1464 amor
1059 1427 1127 1463 fuit
1142 1438 1255 1474 supra
1270 1439 1497 1473 mensuram,
1512 1429 1717 1465 secundum

942 1475 1033 1511 illud
1058 1475 1214 1511 Joannis
1240 1487 1247 1511 :
1270 1476 1445 1520 Majorem
1477 1478 1542 1511 hae
1573 1477 1718 1512 dilecti-

943 1533 1056 1563 onem,
1080 1526 1150 1557 etc.
1168 1533 1175 1565 ;
1196 1523 1317 1565 dolor,
1340 1533 1452 1569 supra
1478 1522 1717 1559 consuetudi-

944 1580 1044 1614 nem,
1066 1569 1272 1605 secundum
1291 1569 1382 1605 illud
1405 1571 1639 1606 Threnorum
1662 1582 1670 1606 ε
1692 1570 1719 1606 Ο

944 1628 1006 1652 vos
1028 1627 1146 1652 omnes
1168 1619 1232 1662 qm·
1252 1619 1443 1653 transitis!
1464 1621 1554 1662 etc.;
1575 1616 1722 1653 humili-

946 1668 1017 1708 tas,
1043 1674 1156 1710 supra
1181 1663 1370 1708 virtutem,
1396 1666 1603 1701 secundum
1630 1664 1722 1700 illud

947 1713 1180 1748 Thi-enorum
1213 1723 1220 1746 :
1248 1713 1449 1748 Recordare
1476 1713 1720 1758 paupertatis,

948 1763 1018 1795 etc.
1043 1757 1156 1804 Loqui
1184 1762 1308 1794 autem
1333 1759 1498 1805 ipsorum
1520 1762 1589 1804 est,
1610 1759 1723 1794 talem

949 1805 1108 1852 gratiam
1148 1805 1417 1852 redemptionis
1455 1807 1620 1842 suturam
1658 1815 1724 1851 per

949 1853 1150 1896 Christum,
1173 1852 1398 1889 testimoniis
1427 1853 1534 1899 Legis
1563 1858 1600 1889 et
1631 1854 1725 1888 Pro-

950 1902 1146 1947 phetarum
1173 1900 1451 1945 praefiguratam
1488 1911 1570 1936 esse
1596 1903 1726 1936 osten-

951 1949 1053 1984 dere.
1076 1948 1120 1982 Et
1142 1947 1363 1992 notandum,
1389 1948 1488 1993 quod
1500 1959 1575 1984 non
1596 1948 1726 1993 loque-

951 1997 1090 2032 bantur
1126 1994 1171 2028 ‹le
1210 1994 1273 2029 tali
1312 1995 1468 2031 materia
1486 2023 1494 2039 ‚
1535 1998 1728 2040 tamquam

952 2043 1162 2078 indicantes
1182 2041 1327 2077 Christo
1355 2052 1437 2087 quae
1460 2041 1641 2086 nesciret,
1663 2040 1729 2076 sed

954 2099 1040 2126 eum
1066 2087 1288 2132 adorabant,
1318 2089 1362 2124 de
1387 2089 1547 2124 adventu
1577 2090 1659 2134 ejus
1691 2088 1730 2123 in

955 2146 1085 2178 carne,
1109 2138 1145 2170 et
1174 2134 1260 2181 quia
1287 2136 1502 2181 mysterium
1529 2135 1730 2179 Passionis,

956 2183 1056 2229 quod
1091 2181 1161 2228 ipsi
1193 2182 1457 2228 praedixerant,
1485 2182 1659 2219 viderunt
1693 2182 1732 2218 in

956 2229 1103 2268 Christo
1118 2230 1378 2275 complendum
1391 2242 1399 2275 ;
1417 2235 1452 2266 et
1468 2230 1542 2266 laeti
1555 2231 1730 2276 fortasse,

957 2277 1046 2323 quia
1077 2276 1250 2312 videbant
1276 2278 1545 2324 redemptionis
1571 2289 1647 2314 suae
1679 2280 1734 2313 to-

957 2325 1106 2370 tiusque
1132 2323 1286 2360 humani
1306 2325 1455 2370 generis
1475 2326 1574 2361 diem
1593 2335 1731 2371 appro-

958 2372 1153 2418 pinquare.
1182 2371 1513 2415 Compatiebantur
1540 2371 1730 2408 nihilomi-

958 2430 1028 2456 nus
1050 2417 1210 2463 Christo,
1233 2419 1320 2465 quia
1340 2422 1416 2455 tam
1437 2419 1601 2465 gloriosa
1618 2418 1733 2455 facies

959 2466 1120 2503 debebat
1146 2466 1198 2501 sic
1225 2466 1394 2512 conspui,
1418 2470 1454 2503 et
1475 2467 1527 2502 sic
1550 2466 1734 2502 invidiose

959 2513 1071 2557 tradi,
1090 2515 1126 2548 et
1143 2512 1318 2558 judicari,
1338 2516 1374 2549 et
1393 2513 1574 2560 crucifigi.
1593 2515 1731 2550 Notan-

960 2561 1049 2596 dnm
1075 2559 1200 2604 etiam,
1230 2560 1328 2606 quod
1350 2562 1529 2607 gaudium
1558 2570 1734 2608 magnum

960 2608 1097 2643 factum
1112 2611 1165 2642 est
1180 2607 1365 2653 Apost‹·lis
1381 2614 1417 2643 et
1434 2608 1643 2655 Prophetis,
1660 2618 1736 2644 non

960 2655 1080 2690 solum
1119 2654 1164 2689 de
1209 2655 1541 2700 transfiguratione
1582 2654 1736 2700 Christi,

960 2702 1024 2737 sed
1045 2701 1172 2745 etiam,
1190 2704 1231 2737 ut
1252 2701 1339 2737 dicit
1356 2705 1525 2748 Ephrem,
1542 2704 1587 2739 de
1607 2704 1738 2739 mutua

960 2748 1118 2802 visione,
1156 2748 1243 2795 quia
1278 2748 1473 2797 utriusque
1509 2748 1737 2787 Testamenti

118 2795 390 2842 Prophetarum
419 2792 458 2828 in
488 2802 555 2829 suo
582 2803 754 2829 sermone
780 2794 885 2830 Chri·
926 2812 929 2825 ι
958 2795 1144 2843 prinoipes
1171 2796 1387 2843 congregati
1417 2801 1514 2843 sunt,
1542 2807 1628 2835 eum
1658 2799 1736 2834 Deo
