<?xml version="1.0" encoding="UTF-8"?>
<!DOCTYPE html PUBLIC "-//W3C//DTD XHTML 1.0 Transitional//EN"
    "http://www.w3.org/TR/xhtml1/DTD/xhtml1-transitional.dtd">
<html xmlns="http://www.w3.org/1999/xhtml" xml:lang="en" lang="en">
 <head>
  <title>
</title>
<meta http-equiv="Content-Type" content="text/html;charset=utf-8" />
  <meta name='ocr-system' content='tesseract 3.04.00' />
  <meta name='ocr-capabilities' content='ocr_page ocr_carea ocr_par ocr_line ocrx_word'/>
</head>
<body>
  <div class='ocr_page' id='page_1' title='image "./vitajesuchristie03ludouoft_0373.png"; bbox 0 0 1907 3139; ppageno 0'>
   <div class='ocr_carea' id='block_1_1' title="bbox 366 170 1733 210">
    <p class='ocr_par' dir='ltr' id='par_1_1' title="bbox 366 170 1733 210">
     <span class='ocr_line' id='line_1_1' title="bbox 366 170 1733 210; baseline 0.001 -6"><span class='ocrx_word' id='word_1_1' title='bbox 366 170 416 204; x_wconf 92' lang='lat' dir='ltr'>DE</span> <span class='ocrx_word' id='word_1_2' title='bbox 456 171 769 205; x_wconf 84' lang='lat' dir='ltr'><strong>INSTITUTIONE</strong></span> <span class='ocrx_word' id='word_1_3' title='bbox 806 171 1087 206; x_wconf 75' lang='lat' dir='ltr'>SACRAMENTI</span> <span class='ocrx_word' id='word_1_4' title='bbox 1127 174 1452 210; x_wconf 77' lang='lat' dir='ltr'><strong>EUGHARISTIAE.</strong></span> <span class='ocrx_word' id='word_1_5' title='bbox 1671 172 1733 207; x_wconf 79' lang='lat'>347</span> 
     </span>
    </p>
   </div>
   <div class='ocr_carea' id='block_1_2' title="bbox 77 240 870 2841">
    <p class='ocr_par' dir='ltr' id='par_1_2' title="bbox 88 240 870 478">
     <span class='ocr_line' id='line_1_2' title="bbox 91 240 870 289; baseline 0.003 -12"><span class='ocrx_word' id='word_1_6' title='bbox 91 244 150 278; x_wconf 82' lang='lat' dir='ltr'>eet</span> <span class='ocrx_word' id='word_1_7' title='bbox 171 240 278 286; x_wconf 87' lang='lat' dir='ltr'>panis</span> <span class='ocrx_word' id='word_1_8' title='bbox 299 244 336 277; x_wconf 86' lang='lat' dir='ltr'>et</span> <span class='ocrx_word' id='word_1_9' title='bbox 354 240 445 285; x_wconf 86' lang='lat' dir='ltr'>vini,</span> <span class='ocrx_word' id='word_1_10' title='bbox 461 244 517 277; x_wconf 84' lang='lat' dir='ltr'>est</span> <span class='ocrx_word' id='word_1_11' title='bbox 535 241 764 288; x_wconf 86' lang='lat' dir='ltr'>institutum,</span> <span class='ocrx_word' id='word_1_12' title='bbox 781 243 870 289; x_wconf 85' lang='lat' dir='ltr'>quia</span> 
     </span>
     <span class='ocr_line' id='line_1_3' title="bbox 90 287 868 334; baseline 0.001 -9"><span class='ocrx_word' id='word_1_13' title='bbox 90 287 290 325; x_wconf 88' lang='lat' dir='ltr'>ordinatur</span> <span class='ocrx_word' id='word_1_14' title='bbox 305 288 353 325; x_wconf 86' lang='lat' dir='ltr'>ad</span> <span class='ocrx_word' id='word_1_15' title='bbox 373 288 541 334; x_wconf 81' lang='lat' dir='ltr'>corporis</span> <span class='ocrx_word' id='word_1_16' title='bbox 559 293 595 325; x_wconf 88' lang='lat' dir='ltr'>et</span> <span class='ocrx_word' id='word_1_17' title='bbox 614 289 750 326; x_wconf 71' lang='lat' dir='ltr'>animae</span> <span class='ocrx_word' id='word_1_18' title='bbox 773 291 868 326; x_wconf 84' lang='lat' dir='ltr'>salu-</span> 
     </span>
     <span class='ocr_line' id='line_1_4' title="bbox 89 336 866 383; baseline 0.003 -11"><span class='ocrx_word' id='word_1_19' title='bbox 89 339 186 380; x_wconf 85' lang='lat' dir='ltr'>tem;</span> <span class='ocrx_word' id='word_1_20' title='bbox 204 336 277 380; x_wconf 89' lang='lat' dir='ltr'>vel,</span> <span class='ocrx_word' id='word_1_21' title='bbox 287 336 334 372; x_wconf 89' lang='lat' dir='ltr'>ad</span> <span class='ocrx_word' id='word_1_22' title='bbox 349 336 639 381; x_wconf 81' lang='lat' dir='ltr'>significandum</span> <span class='ocrx_word' id='word_1_23' title='bbox 663 338 786 383; x_wconf 78' lang='lat' dir='ltr'>perfec</span> <span class='ocrx_word' id='word_1_24' title='bbox 791 342 866 374; x_wconf 88' lang='lat' dir='ltr'>tam</span> 
     </span>
     <span class='ocr_line' id='line_1_5' title="bbox 88 383 868 428; baseline 0.003 -9"><span class='ocrx_word' id='word_1_25' title='bbox 88 383 225 420; x_wconf 85' lang='lat' dir='ltr'>animae</span> <span class='ocrx_word' id='word_1_26' title='bbox 252 383 509 428; x_wconf 87' lang='lat' dir='ltr'>refectionem,</span> <span class='ocrx_word' id='word_1_27' title='bbox 531 383 625 420; x_wconf 89' lang='lat' dir='ltr'>sicut</span> <span class='ocrx_word' id='word_1_28' title='bbox 652 395 695 421; x_wconf 86' lang='lat' dir='ltr'>ex</span> <span class='ocrx_word' id='word_1_29' title='bbox 722 385 803 421; x_wconf 84' lang='lat' dir='ltr'>cibo</span> <span class='ocrx_word' id='word_1_30' title='bbox 832 390 868 421; x_wconf 85' lang='lat' dir='ltr'>et</span> 
     </span>
     <span class='ocr_line' id='line_1_6' title="bbox 88 430 864 478; baseline 0.001 -11"><span class='ocrx_word' id='word_1_31' title='bbox 88 434 176 476; x_wconf 91' lang='lat' dir='ltr'>potu</span> <span class='ocrx_word' id='word_1_32' title='bbox 216 430 260 466; x_wconf 88' lang='lat' dir='ltr'>fit</span> <span class='ocrx_word' id='word_1_33' title='bbox 294 430 461 477; x_wconf 83' lang='lat' dir='ltr'>persecta</span> <span class='ocrx_word' id='word_1_34' title='bbox 492 432 662 478; x_wconf 88' lang='lat' dir='ltr'>corporis</span> <span class='ocrx_word' id='word_1_35' title='bbox 696 432 864 468; x_wconf 79' lang='lat' dir='ltr'>refectio.</span> 
     </span>
    </p>

    <p class='ocr_par' dir='ltr' id='par_1_3' title="bbox 89 477 866 532">
     <span class='ocr_line' id='line_1_7' title="bbox 89 477 866 532; baseline 0 -17"><span class='ocrx_word' id='word_1_36' title='bbox 89 477 299 531; x_wconf 87' lang='lat' dir='ltr'>Separatim</span> <span class='ocrx_word' id='word_1_37' title='bbox 320 481 446 514; x_wconf 85' lang='lat' dir='ltr'>tamen</span> <span class='ocrx_word' id='word_1_38' title='bbox 464 479 505 514; x_wconf 89' lang='lat' dir='ltr'>fit</span> <span class='ocrx_word' id='word_1_39' title='bbox 526 479 701 532; x_wconf 72' lang='lat' dir='ltr'>Corporis</span> <span class='ocrx_word' id='word_1_40' title='bbox 722 484 759 516; x_wconf 89' lang='lat' dir='ltr'>et</span> <span class='ocrx_word' id='word_1_41' title='bbox 778 482 866 517; x_wconf 81' lang='lat' dir='ltr'>Sin-</span> 
     </span>
    </p>

    <p class='ocr_par' dir='ltr' id='par_1_4' title="bbox 83 524 866 1189">
     <span class='ocr_line' id='line_1_8' title="bbox 86 524 866 579; baseline 0.005 -18"><span class='ocrx_word' id='word_1_42' title='bbox 86 524 210 579; x_wconf 90' lang='lat' dir='ltr'>guinis</span> <span class='ocrx_word' id='word_1_43' title='bbox 231 526 480 570; x_wconf 85' lang='lat' dir='ltr'>consecratio,</span> <span class='ocrx_word' id='word_1_44' title='bbox 503 526 590 572; x_wconf 69' lang='lat' dir='ltr'>qui-2</span> <span class='ocrx_word' id='word_1_45' title='bbox 620 538 657 562; x_wconf 87' lang='grc'>16</span> <span class='ocrx_word' id='word_1_46' title='bbox 685 529 866 564; x_wconf 69' lang='lat' dir='ltr'>Passione</span> 
     </span>
     <span class='ocr_line' id='line_1_9' title="bbox 86 572 865 628; baseline 0.004 -20"><span class='ocrx_word' id='word_1_47' title='bbox 86 572 156 609; x_wconf 88' lang='lat' dir='ltr'>fuit</span> <span class='ocrx_word' id='word_1_48' title='bbox 173 573 328 620; x_wconf 85' lang='lat' dir='ltr'>sanguis</span> <span class='ocrx_word' id='word_1_49' title='bbox 346 577 540 620; x_wconf 86' lang='lat' dir='ltr'>separatus</span> <span class='ocrx_word' id='word_1_50' title='bbox 563 586 584 610; x_wconf 82' lang='lat' dir='ltr'>a</span> <span class='ocrx_word' id='word_1_51' title='bbox 601 585 771 628; x_wconf 81' lang='lat' dir='ltr'>corpore.</span> <span class='ocrx_word' id='word_1_52' title='bbox 790 577 865 611; x_wconf 89' lang='lat' dir='ltr'>Hoc</span> 
     </span>
     <span class='ocr_line' id='line_1_10' title="bbox 86 621 862 666; baseline 0.004 -10"><span class='ocrx_word' id='word_1_53' title='bbox 86 623 214 657; x_wconf 89' lang='lat' dir='ltr'>autem</span> <span class='ocrx_word' id='word_1_54' title='bbox 247 625 527 657; x_wconf 85' lang='lat' dir='ltr'>sacramentum</span> <span class='ocrx_word' id='word_1_55' title='bbox 556 621 770 658; x_wconf 87' lang='lat' dir='ltr'>institutum</span> <span class='ocrx_word' id='word_1_56' title='bbox 793 626 862 666; x_wconf 87' lang='lat' dir='ltr'>est,</span> 
     </span>
     <span class='ocr_line' id='line_1_11' title="bbox 86 667 863 715; baseline 0.004 -12"><span class='ocrx_word' id='word_1_57' title='bbox 86 667 192 715; x_wconf 80' lang='lat' dir='ltr'>quasi</span> <span class='ocrx_word' id='word_1_58' title='bbox 218 669 408 714; x_wconf 82' lang='lat' dir='ltr'>quoddam</span> <span class='ocrx_word' id='word_1_59' title='bbox 429 668 648 705; x_wconf 90' lang='lat' dir='ltr'>memoriale</span> <span class='ocrx_word' id='word_1_60' title='bbox 669 670 754 706; x_wconf 89' lang='lat' dir='ltr'>illus</span> <span class='ocrx_word' id='word_1_61' title='bbox 776 671 863 706; x_wconf 79' lang='lat' dir='ltr'>Pas-</span> 
     </span>
     <span class='ocr_line' id='line_1_12' title="bbox 86 715 866 763; baseline 0.003 -12"><span class='ocrx_word' id='word_1_62' title='bbox 86 715 216 758; x_wconf 89' lang='grc'><strong>516615,</strong></span> <span class='ocrx_word' id='word_1_63' title='bbox 236 720 272 752; x_wconf 87' lang='lat' dir='ltr'>et</span> <span class='ocrx_word' id='word_1_64' title='bbox 291 716 374 751; x_wconf 79' lang='lat' dir='ltr'>ideo</span> <span class='ocrx_word' id='word_1_65' title='bbox 391 716 622 753; x_wconf 84' lang='lat' dir='ltr'>consecratio</span> <span class='ocrx_word' id='word_1_66' title='bbox 638 717 813 763; x_wconf 90' lang='lat' dir='ltr'>Corporis</span> <span class='ocrx_word' id='word_1_67' title='bbox 828 720 866 753; x_wconf 86' lang='lat' dir='ltr'>et</span> 
     </span>
     <span class='ocr_line' id='line_1_13' title="bbox 86 763 861 809; baseline 0.001 -10"><span class='ocrx_word' id='word_1_68' title='bbox 86 763 286 808; x_wconf 78' lang='lat' dir='ltr'>Sanguinis</span> <span class='ocrx_word' id='word_1_69' title='bbox 308 763 347 798; x_wconf 79' lang='lat' dir='ltr'>fit</span> <span class='ocrx_word' id='word_1_70' title='bbox 364 764 433 799; x_wconf 93' lang='lat' dir='ltr'>sub</span> <span class='ocrx_word' id='word_1_71' title='bbox 451 764 644 809; x_wconf 78' lang='lat' dir='ltr'>speciebus</span> <span class='ocrx_word' id='word_1_72' title='bbox 665 764 861 800; x_wconf 79' lang='lat' dir='ltr'>distinctis.</span> 
     </span>
     <span class='ocr_line' id='line_1_14' title="bbox 85 810 863 858; baseline 0.001 -11"><span class='ocrx_word' id='word_1_73' title='bbox 85 810 411 847; x_wconf 78' lang='lat' dir='ltr'>Considerandum</span> <span class='ocrx_word' id='word_1_74' title='bbox 434 814 560 847; x_wconf 88' lang='lat' dir='ltr'>tamen</span> <span class='ocrx_word' id='word_1_75' title='bbox 578 815 647 855; x_wconf 83' lang='lat' dir='ltr'>est,</span> <span class='ocrx_word' id='word_1_76' title='bbox 671 813 771 858; x_wconf 76' lang='lat' dir='ltr'>quod</span> <span class='ocrx_word' id='word_1_77' title='bbox 793 813 863 848; x_wconf 91' lang='lat' dir='ltr'>sub</span> 
     </span>
     <span class='ocr_line' id='line_1_15' title="bbox 85 859 865 904; baseline 0.001 -11"><span class='ocrx_word' id='word_1_78' title='bbox 85 860 244 903; x_wconf 82' lang='lat' dir='ltr'>utraque</span> <span class='ocrx_word' id='word_1_79' title='bbox 272 859 394 904; x_wconf 69' lang='lat' dir='ltr'>spec-ie</span> <span class='ocrx_word' id='word_1_80' title='bbox 419 861 473 894; x_wconf 82' lang='lat' dir='ltr'>est</span> <span class='ocrx_word' id='word_1_81' title='bbox 499 862 600 894; x_wconf 86' lang='lat' dir='ltr'>totus</span> <span class='ocrx_word' id='word_1_82' title='bbox 620 860 786 895; x_wconf 80' lang='lat' dir='ltr'>Christus</span> <span class='ocrx_word' id='word_1_83' title='bbox 812 859 865 894; x_wconf 91' lang='lat' dir='ltr'>in-</span> 
     </span>
     <span class='ocr_line' id='line_1_16' title="bbox 85 904 863 952; baseline 0.001 -11"><span class='ocrx_word' id='word_1_84' title='bbox 85 904 243 949; x_wconf 89' lang='lat' dir='ltr'>divisus,</span> <span class='ocrx_word' id='word_1_85' title='bbox 266 905 408 941; x_wconf 85' lang='lat' dir='ltr'>scilicet</span> <span class='ocrx_word' id='word_1_86' title='bbox 430 917 438 941; x_wconf 88' lang='grc'>;</span> <span class='ocrx_word' id='word_1_87' title='bbox 459 906 602 952; x_wconf 89' lang='lat' dir='ltr'>Corpus</span> <span class='ocrx_word' id='word_1_88' title='bbox 626 912 662 942; x_wconf 87' lang='lat' dir='ltr'>et</span> <span class='ocrx_word' id='word_1_89' title='bbox 690 907 863 952; x_wconf 81' lang='lat' dir='ltr'>Sanguis,</span> 
     </span>
     <span class='ocr_line' id='line_1_17' title="bbox 84 953 866 999; baseline 0 -10"><span class='ocrx_word' id='word_1_90' title='bbox 84 963 128 989; x_wconf 89' lang='lat' dir='ltr'>ac</span> <span class='ocrx_word' id='word_1_91' title='bbox 149 954 277 989; x_wconf 88' lang='lat' dir='ltr'>anima</span> <span class='ocrx_word' id='word_1_92' title='bbox 303 957 341 989; x_wconf 88' lang='lat' dir='ltr'>et</span> <span class='ocrx_word' id='word_1_93' title='bbox 370 953 509 997; x_wconf 64' lang='lat' dir='ltr'>deitas,</span> <span class='ocrx_word' id='word_1_94' title='bbox 530 965 573 990; x_wconf 85' lang='lat' dir='ltr'>ac</span> <span class='ocrx_word' id='word_1_95' title='bbox 590 964 657 999; x_wconf 80' lang='lat' dir='ltr'>por</span> <span class='ocrx_word' id='word_1_96' title='bbox 678 954 748 989; x_wconf 90' lang='grc'><strong>1166</strong></span> <span class='ocrx_word' id='word_1_97' title='bbox 767 957 866 989; x_wconf 86' lang='lat' dir='ltr'>utro-</span> 
     </span>
     <span class='ocr_line' id='line_1_18' title="bbox 83 1000 864 1046; baseline -0.001 -9"><span class='ocrx_word' id='word_1_98' title='bbox 83 1000 199 1046; x_wconf 82' lang='lat' dir='ltr'>bique</span> <span class='ocrx_word' id='word_1_99' title='bbox 233 1002 287 1036; x_wconf 78' lang='grc'>651</span> <span class='ocrx_word' id='word_1_100' title='bbox 323 1011 439 1036; x_wconf 90' lang='lat' dir='ltr'>unum</span> <span class='ocrx_word' id='word_1_101' title='bbox 474 1003 510 1036; x_wconf 86' lang='lat' dir='ltr'>et</span> <span class='ocrx_word' id='word_1_102' title='bbox 548 1000 864 1045; x_wconf 81' lang='lat' dir='ltr'>simplicissimum</span> 
     </span>
     <span class='ocr_line' id='line_1_19' title="bbox 84 1048 862 1085; baseline 0 -1"><span class='ocrx_word' id='word_1_103' title='bbox 84 1051 392 1084; x_wconf 83' lang='lat' dir='ltr'>sacramentum:</span> <span class='ocrx_word' id='word_1_104' title='bbox 413 1048 523 1084; x_wconf 88' lang='lat' dir='ltr'>ahter</span> <span class='ocrx_word' id='word_1_105' title='bbox 538 1052 663 1084; x_wconf 86' lang='lat' dir='ltr'>tamen</span> <span class='ocrx_word' id='word_1_106' title='bbox 686 1052 722 1085; x_wconf 89' lang='lat' dir='ltr'>et</span> <span class='ocrx_word' id='word_1_107' title='bbox 741 1048 862 1084; x_wconf 74' lang='lat' dir='ltr'>iliter.</span> 
     </span>
     <span class='ocr_line' id='line_1_20' title="bbox 83 1096 864 1149; baseline 0 -17"><span class='ocrx_word' id='word_1_108' title='bbox 83 1096 159 1132; x_wconf 88' lang='lat' dir='ltr'>Sub</span> <span class='ocrx_word' id='word_1_109' title='bbox 182 1096 305 1142; x_wconf 90' lang='lat' dir='ltr'>specie</span> <span class='ocrx_word' id='word_1_110' title='bbox 331 1106 494 1141; x_wconf 85' lang='lat' dir='ltr'>namque</span> <span class='ocrx_word' id='word_1_111' title='bbox 518 1096 626 1149; x_wconf 77' lang='lat' dir='ltr'>panis</span> <span class='ocrx_word' id='word_1_112' title='bbox 646 1099 701 1131; x_wconf 84' lang='lat' dir='ltr'>est</span> <span class='ocrx_word' id='word_1_113' title='bbox 719 1099 864 1132; x_wconf 87' lang='lat' dir='ltr'>tantum</span> 
     </span>
     <span class='ocr_line' id='line_1_21' title="bbox 84 1142 864 1189; baseline 0 -10"><span class='ocrx_word' id='word_1_114' title='bbox 84 1143 243 1189; x_wconf 90' lang='lat' dir='ltr'>Corpus,</span> <span class='ocrx_word' id='word_1_115' title='bbox 267 1154 310 1179; x_wconf 85' lang='lat' dir='ltr'>ex</span> <span class='ocrx_word' id='word_1_116' title='bbox 328 1142 363 1178; x_wconf 85' lang='lat' dir='ltr'>vi</span> <span class='ocrx_word' id='word_1_117' title='bbox 386 1143 641 1179; x_wconf 83' lang='lat' dir='ltr'>conversionis</span> <span class='ocrx_word' id='word_1_118' title='bbox 661 1143 719 1179; x_wconf 89' lang='lat' dir='ltr'>vel</span> <span class='ocrx_word' id='word_1_119' title='bbox 744 1154 864 1179; x_wconf 72' lang='grc'><strong>56611-</strong></span> 
     </span>
    </p>

    <p class='ocr_par' dir='ltr' id='par_1_5' title="bbox 83 1190 863 1244">
     <span class='ocr_line' id='line_1_22' title="bbox 83 1190 863 1244; baseline 0 -18"><span class='ocrx_word' id='word_1_120' title='bbox 83 1190 221 1234; x_wconf 85' lang='grc'><strong>11161111;</strong></span> <span class='ocrx_word' id='word_1_121' title='bbox 245 1195 371 1226; x_wconf 87' lang='lat' dir='ltr'>cetera</span> <span class='ocrx_word' id='word_1_122' title='bbox 388 1194 516 1227; x_wconf 82' lang='lat' dir='ltr'>autem</span> <span class='ocrx_word' id='word_1_123' title='bbox 537 1194 625 1226; x_wconf 86' lang='lat' dir='ltr'>sunt</span> <span class='ocrx_word' id='word_1_124' title='bbox 642 1190 693 1227; x_wconf 92' lang='lat' dir='ltr'>ibi</span> <span class='ocrx_word' id='word_1_125' title='bbox 713 1202 755 1227; x_wconf 86' lang='lat' dir='ltr'>ex</span> <span class='ocrx_word' id='word_1_126' title='bbox 775 1202 863 1244; x_wconf 82' lang='lat' dir='ltr'>con-</span> 
     </span>
    </p>

    <p class='ocr_par' dir='ltr' id='par_1_6' title="bbox 84 1237 863 1283">
     <span class='ocr_line' id='line_1_23' title="bbox 84 1237 863 1283; baseline 0.001 -10"><span class='ocrx_word' id='word_1_127' title='bbox 84 1237 306 1274; x_wconf 77' lang='lat' dir='ltr'>comitantia</span> <span class='ocrx_word' id='word_1_128' title='bbox 326 1238 432 1283; x_wconf 88' lang='lat' dir='ltr'>reali,</span> <span class='ocrx_word' id='word_1_129' title='bbox 462 1249 528 1274; x_wconf 91' lang='lat' dir='ltr'>seu</span> <span class='ocrx_word' id='word_1_130' title='bbox 556 1238 720 1274; x_wconf 88' lang='lat' dir='ltr'>naturali</span> <span class='ocrx_word' id='word_1_131' title='bbox 747 1242 784 1274; x_wconf 85' lang='lat' dir='ltr'>et</span> <span class='ocrx_word' id='word_1_132' title='bbox 804 1238 863 1274; x_wconf 89' lang='lat' dir='ltr'>in-</span> 
     </span>
    </p>

    <p class='ocr_par' dir='ltr' id='par_1_7' title="bbox 80 1285 866 1996">
     <span class='ocr_line' id='line_1_24' title="bbox 84 1285 865 1338; baseline 0 -16"><span class='ocrx_word' id='word_1_133' title='bbox 84 1285 301 1338; x_wconf 83' lang='lat' dir='ltr'>separabili,</span> <span class='ocrx_word' id='word_1_134' title='bbox 320 1285 407 1331; x_wconf 90' lang='lat' dir='ltr'>quia</span> <span class='ocrx_word' id='word_1_135' title='bbox 437 1285 596 1332; x_wconf 72' lang='lat' dir='ltr'>Sanguis</span> <span class='ocrx_word' id='word_1_136' title='bbox 629 1289 685 1321; x_wconf 85' lang='lat' dir='ltr'>est</span> <span class='ocrx_word' id='word_1_137' title='bbox 713 1285 780 1330; x_wconf 89' lang='lat' dir='ltr'>ibi,</span> <span class='ocrx_word' id='word_1_138' title='bbox 798 1297 865 1332; x_wconf 81' lang='lat' dir='ltr'>pei</span> 
     </span>
     <span class='ocr_line' id='line_1_25' title="bbox 83 1332 864 1386; baseline 0 -18"><span class='ocrx_word' id='word_1_139' title='bbox 83 1332 370 1377; x_wconf 78' lang='lat' dir='ltr'>connexionem,</span> <span class='ocrx_word' id='word_1_140' title='bbox 393 1337 430 1369; x_wconf 87' lang='lat' dir='ltr'>et</span> <span class='ocrx_word' id='word_1_141' title='bbox 450 1333 591 1377; x_wconf 85' lang='lat' dir='ltr'>anima,</span> <span class='ocrx_word' id='word_1_142' title='bbox 615 1343 682 1386; x_wconf 88' lang='lat' dir='ltr'>per</span> <span class='ocrx_word' id='word_1_143' title='bbox 711 1334 864 1379; x_wconf 84' lang='lat' dir='ltr'>conjun-</span> 
     </span>
     <span class='ocr_line' id='line_1_26' title="bbox 83 1379 866 1427; baseline 0.003 -11"><span class='ocrx_word' id='word_1_144' title='bbox 83 1379 261 1425; x_wconf 85' lang='lat' dir='ltr'>ctionem,</span> <span class='ocrx_word' id='word_1_145' title='bbox 280 1384 317 1416; x_wconf 89' lang='lat' dir='ltr'>et</span> <span class='ocrx_word' id='word_1_146' title='bbox 333 1380 453 1416; x_wconf 87' lang='lat' dir='ltr'>deitas</span> <span class='ocrx_word' id='word_1_147' title='bbox 460 1391 548 1427; x_wconf 83' lang='lat' dir='ltr'>‚per</span> <span class='ocrx_word' id='word_1_148' title='bbox 563 1381 770 1418; x_wconf 83' lang='lat' dir='ltr'>unionem</span> <span class='ocrx_word' id='word_1_149' title='bbox 796 1380 866 1418; x_wconf 88' lang='lat' dir='ltr'>ista</span> 
     </span>
     <span class='ocr_line' id='line_1_27' title="bbox 83 1427 865 1481; baseline 0.001 -18"><span class='ocrx_word' id='word_1_150' title='bbox 83 1428 184 1464; x_wconf 87' lang='lat' dir='ltr'>enim</span> <span class='ocrx_word' id='word_1_151' title='bbox 206 1432 368 1481; x_wconf 79' lang='lat' dir='ltr'>quatuoi</span> <span class='ocrx_word' id='word_1_152' title='bbox 388 1439 464 1464; x_wconf 89' lang='lat' dir='ltr'>non</span> <span class='ocrx_word' id='word_1_153' title='bbox 484 1427 781 1480; x_wconf 87' lang='lat' dir='ltr'>possuntdividi,</span> <span class='ocrx_word' id='word_1_154' title='bbox 798 1439 865 1464; x_wconf 89' lang='lat' dir='ltr'>nec</span> 
     </span>
     <span class='ocr_line' id='line_1_28' title="bbox 84 1474 864 1522; baseline 0.001 -12"><span class='ocrx_word' id='word_1_155' title='bbox 84 1476 131 1511; x_wconf 85' lang='lat' dir='ltr'>ab</span> <span class='ocrx_word' id='word_1_156' title='bbox 170 1475 333 1511; x_wconf 85' lang='lat' dir='ltr'>invicem</span> <span class='ocrx_word' id='word_1_157' title='bbox 376 1475 557 1522; x_wconf 73' lang='lat' dir='ltr'>separati.</span> <span class='ocrx_word' id='word_1_158' title='bbox 582 1474 761 1511; x_wconf 79' lang='lat' dir='ltr'>Similitei</span> <span class='ocrx_word' id='word_1_159' title='bbox 796 1476 864 1511; x_wconf 89' lang='lat' dir='ltr'>sub</span> 
     </span>
     <span class='ocr_line' id='line_1_29' title="bbox 84 1522 864 1576; baseline -0.001 -17"><span class='ocrx_word' id='word_1_160' title='bbox 84 1524 210 1576; x_wconf 89' lang='lat' dir='ltr'>specie</span> <span class='ocrx_word' id='word_1_161' title='bbox 242 1522 334 1567; x_wconf 89' lang='lat' dir='ltr'>vini,</span> <span class='ocrx_word' id='word_1_162' title='bbox 356 1526 413 1575; x_wconf 83' lang='lat' dir='ltr'>est</span> <span class='ocrx_word' id='word_1_163' title='bbox 443 1526 593 1558; x_wconf 86' lang='lat' dir='ltr'>tantum</span> <span class='ocrx_word' id='word_1_164' title='bbox 625 1522 799 1568; x_wconf 81' lang='lat' dir='ltr'>Sanguis,</span> <span class='ocrx_word' id='word_1_165' title='bbox 822 1534 864 1558; x_wconf 87' lang='lat' dir='ltr'>ex</span> 
     </span>
     <span class='ocr_line' id='line_1_30' title="bbox 80 1551 864 1614; baseline 0 -8"><span class='ocrx_word' id='word_1_166' title='bbox 80 1571 116 1606; x_wconf 82' lang='lat' dir='ltr'>vi</span> <span class='ocrx_word' id='word_1_167' title='bbox 137 1569 394 1606; x_wconf 81' lang='lat' dir='ltr'>conversionis</span> <span class='ocrx_word' id='word_1_168' title='bbox 414 1573 452 1606; x_wconf 89' lang='lat' dir='ltr'>et</span> <span class='ocrx_word' id='word_1_169' title='bbox 472 1569 717 1614; x_wconf 86' lang='lat' dir='ltr'>sacramenti;</span> <span class='ocrx_word' id='word_1_170' title='bbox 739 1551 864 1606; x_wconf 59' lang='lat' dir='ltr'>cet&#39;era</span> 
     </span>
     <span class='ocr_line' id='line_1_31' title="bbox 81 1617 865 1654; baseline 0 0"><span class='ocrx_word' id='word_1_171' title='bbox 81 1621 210 1654; x_wconf 86' lang='lat' dir='ltr'>autem</span> <span class='ocrx_word' id='word_1_172' title='bbox 244 1628 288 1654; x_wconf 77' lang='lat' dir='ltr'>ex</span> <span class='ocrx_word' id='word_1_173' title='bbox 314 1617 607 1653; x_wconf 83' lang='lat' dir='ltr'>concomitantia</span> <span class='ocrx_word' id='word_1_174' title='bbox 625 1623 713 1653; x_wconf 83' lang='lat' dir='ltr'>sunt</span> <span class='ocrx_word' id='word_1_175' title='bbox 736 1617 799 1653; x_wconf 87' lang='lat' dir='ltr'>ibi.</span> <span class='ocrx_word' id='word_1_176' title='bbox 822 1620 865 1654; x_wconf 87' lang='lat' dir='ltr'>Et</span> 
     </span>
     <span class='ocr_line' id='line_1_32' title="bbox 82 1664 862 1711; baseline 0.001 -11"><span class='ocrx_word' id='word_1_177' title='bbox 82 1665 167 1701; x_wconf 89' lang='lat' dir='ltr'>licet</span> <span class='ocrx_word' id='word_1_178' title='bbox 180 1665 218 1700; x_wconf 92' lang='lat' dir='ltr'>in</span> <span class='ocrx_word' id='word_1_179' title='bbox 237 1664 428 1711; x_wconf 88' lang='lat' dir='ltr'>primitiva</span> <span class='ocrx_word' id='word_1_180' title='bbox 444 1664 608 1700; x_wconf 66' lang='lat' dir='ltr'>Ecclesia</span> <span class='ocrx_word' id='word_1_181' title='bbox 620 1665 781 1711; x_wconf 89' lang='lat' dir='ltr'>populus</span> <span class='ocrx_word' id='word_1_182' title='bbox 796 1666 862 1701; x_wconf 88' lang='lat' dir='ltr'>sub</span> 
     </span>
     <span class='ocr_line' id='line_1_33' title="bbox 83 1711 864 1759; baseline 0 -11"><span class='ocrx_word' id='word_1_183' title='bbox 83 1715 243 1758; x_wconf 84' lang='lat' dir='ltr'>utraque</span> <span class='ocrx_word' id='word_1_184' title='bbox 263 1711 387 1757; x_wconf 84' lang='lat' dir='ltr'>specie</span> <span class='ocrx_word' id='word_1_185' title='bbox 405 1711 716 1755; x_wconf 80' lang='lat' dir='ltr'>communicaret,</span> <span class='ocrx_word' id='word_1_186' title='bbox 734 1715 864 1759; x_wconf 86' lang='lat' dir='ltr'>postca</span> 
     </span>
     <span class='ocr_line' id='line_1_34' title="bbox 80 1759 864 1806; baseline 0.001 -11"><span class='ocrx_word' id='word_1_187' title='bbox 80 1762 208 1795; x_wconf 87' lang='lat' dir='ltr'>tamen</span> <span class='ocrx_word' id='word_1_188' title='bbox 229 1759 384 1806; x_wconf 88' lang='lat' dir='ltr'>provide</span> <span class='ocrx_word' id='word_1_189' title='bbox 405 1759 621 1795; x_wconf 87' lang='lat' dir='ltr'>ordinatum</span> <span class='ocrx_word' id='word_1_190' title='bbox 640 1762 709 1803; x_wconf 88' lang='lat' dir='ltr'>est,</span> <span class='ocrx_word' id='word_1_191' title='bbox 732 1763 772 1795; x_wconf 91' lang='lat' dir='ltr'>ut</span> <span class='ocrx_word' id='word_1_192' title='bbox 790 1771 864 1796; x_wconf 75' lang='lat' dir='ltr'>non</span> 
     </span>
     <span class='ocr_line' id='line_1_35' title="bbox 83 1806 865 1859; baseline 0 -16"><span class='ocrx_word' id='word_1_193' title='bbox 83 1806 382 1843; x_wconf 82' lang='lat' dir='ltr'>communicaret</span> <span class='ocrx_word' id='word_1_194' title='bbox 394 1808 461 1843; x_wconf 88' lang='lat' dir='ltr'>sub</span> <span class='ocrx_word' id='word_1_195' title='bbox 474 1806 598 1852; x_wconf 87' lang='lat' dir='ltr'>specie</span> <span class='ocrx_word' id='word_1_196' title='bbox 611 1806 684 1842; x_wconf 88' lang='lat' dir='ltr'>vini</span> <span class='ocrx_word' id='word_1_197' title='bbox 691 1810 865 1859; x_wconf 73' lang='lat' dir='ltr'>,propter</span> 
     </span>
     <span class='ocr_line' id='line_1_36' title="bbox 80 1853 863 1901; baseline 0 -11"><span class='ocrx_word' id='word_1_198' title='bbox 80 1853 289 1901; x_wconf 88' lang='lat' dir='ltr'>periculum</span> <span class='ocrx_word' id='word_1_199' title='bbox 328 1854 545 1898; x_wconf 81' lang='lat' dir='ltr'>effusionis,</span> <span class='ocrx_word' id='word_1_200' title='bbox 586 1859 621 1889; x_wconf 88' lang='lat' dir='ltr'>et</span> <span class='ocrx_word' id='word_1_201' title='bbox 659 1854 748 1900; x_wconf 86' lang='lat' dir='ltr'>quia</span> <span class='ocrx_word' id='word_1_202' title='bbox 794 1855 863 1891; x_wconf 90' lang='lat' dir='ltr'>sub</span> 
     </span>
     <span class='ocr_line' id='line_1_37' title="bbox 81 1901 865 1955; baseline 0 -17"><span class='ocrx_word' id='word_1_203' title='bbox 81 1902 205 1948; x_wconf 89' lang='lat' dir='ltr'>specie</span> <span class='ocrx_word' id='word_1_204' title='bbox 244 1903 353 1955; x_wconf 79' lang='lat' dir='ltr'>panis</span> <span class='ocrx_word' id='word_1_205' title='bbox 393 1901 672 1955; x_wconf 80' lang='lat' dir='ltr'>quodammodo</span> <span class='ocrx_word' id='word_1_206' title='bbox 706 1902 865 1947; x_wconf 79' lang='lat' dir='ltr'>Sanguis</span> 
     </span>
     <span class='ocr_line' id='line_1_38' title="bbox 80 1948 861 1996; baseline 0 -11"><span class='ocrx_word' id='word_1_207' title='bbox 80 1950 274 1993; x_wconf 82' lang='lat' dir='ltr'>accipitur</span> <span class='ocrx_word' id='word_1_208' title='bbox 295 1948 333 1984; x_wconf 89' lang='lat' dir='ltr'>in</span> <span class='ocrx_word' id='word_1_209' title='bbox 355 1952 537 1996; x_wconf 89' lang='lat' dir='ltr'>quantum</span> <span class='ocrx_word' id='word_1_210' title='bbox 563 1948 614 1984; x_wconf 88' lang='lat' dir='ltr'>ibi</span> <span class='ocrx_word' id='word_1_211' title='bbox 631 1948 861 1985; x_wconf 80' lang='grc'><strong>6661166161.</strong></span> 
     </span>
    </p>

    <p class='ocr_par' dir='ltr' id='par_1_8' title="bbox 77 1996 864 2841">
     <span class='ocr_line' id='line_1_39' title="bbox 80 1996 862 2043; baseline -0.001 -10"><span class='ocrx_word' id='word_1_212' title='bbox 80 1996 315 2033; x_wconf 85' lang='lat' dir='ltr'>Eucharistia</span> <span class='ocrx_word' id='word_1_213' title='bbox 344 1997 472 2043; x_wconf 85' lang='lat' dir='ltr'>itaque</span> <span class='ocrx_word' id='word_1_214' title='bbox 493 1996 704 2032; x_wconf 84' lang='lat' dir='ltr'>formalitei</span> <span class='ocrx_word' id='word_1_215' title='bbox 722 2000 759 2033; x_wconf 86' lang='lat' dir='ltr'>et</span> <span class='ocrx_word' id='word_1_216' title='bbox 776 2007 862 2043; x_wconf 94' lang='lat' dir='ltr'>per-</span> 
     </span>
     <span class='ocr_line' id='line_1_40' title="bbox 80 2043 862 2089; baseline 0 -9"><span class='ocrx_word' id='word_1_217' title='bbox 80 2043 283 2080; x_wconf 81' lang='lat' dir='ltr'>fectissime</span> <span class='ocrx_word' id='word_1_218' title='bbox 321 2047 377 2080; x_wconf 89' lang='lat' dir='ltr'>est</span> <span class='ocrx_word' id='word_1_219' title='bbox 415 2055 531 2080; x_wconf 87' lang='lat' dir='ltr'>unum</span> <span class='ocrx_word' id='word_1_220' title='bbox 571 2050 862 2089; x_wconf 76' lang='lat' dir='ltr'>sacramentum,</span> 
     </span>
     <span class='ocr_line' id='line_1_41' title="bbox 84 2090 864 2138; baseline 0 -11"><span class='ocrx_word' id='word_1_221' title='bbox 84 2091 333 2128; x_wconf 83' lang='lat' dir='ltr'>materialiter</span> <span class='ocrx_word' id='word_1_222' title='bbox 350 2103 439 2128; x_wconf 88' lang='lat' dir='ltr'>vero</span> <span class='ocrx_word' id='word_1_223' title='bbox 458 2092 586 2138; x_wconf 86' lang='lat' dir='ltr'>plura;</span> <span class='ocrx_word' id='word_1_224' title='bbox 605 2090 694 2137; x_wconf 88' lang='lat' dir='ltr'>quia</span> <span class='ocrx_word' id='word_1_225' title='bbox 708 2091 759 2127; x_wconf 91' lang='lat' dir='ltr'>ibi</span> <span class='ocrx_word' id='word_1_226' title='bbox 778 2102 864 2127; x_wconf 85' lang='lat' dir='ltr'>con-</span> 
     </span>
     <span class='ocr_line' id='line_1_42' title="bbox 81 2139 862 2183; baseline -0.001 -8"><span class='ocrx_word' id='word_1_227' title='bbox 81 2142 241 2175; x_wconf 82' lang='lat' dir='ltr'>currunt</span> <span class='ocrx_word' id='word_1_228' title='bbox 261 2141 348 2183; x_wconf 77' lang='lat' dir='ltr'>(luo,</span> <span class='ocrx_word' id='word_1_229' title='bbox 371 2139 513 2175; x_wconf 82' lang='lat' dir='ltr'>scilicet</span> <span class='ocrx_word' id='word_1_230' title='bbox 538 2139 643 2175; x_wconf 89' lang='lat' dir='ltr'>cibus</span> <span class='ocrx_word' id='word_1_231' title='bbox 675 2141 712 2174; x_wconf 88' lang='lat' dir='ltr'>et</span> <span class='ocrx_word' id='word_1_232' title='bbox 739 2142 862 2183; x_wconf 87' lang='lat' dir='ltr'>potus,</span> 
     </span>
     <span class='ocr_line' id='line_1_43' title="bbox 80 2185 864 2232; baseline -0.001 -10"><span class='ocrx_word' id='word_1_233' title='bbox 80 2190 118 2223; x_wconf 87' lang='lat' dir='ltr'>et</span> <span class='ocrx_word' id='word_1_234' title='bbox 137 2189 292 2232; x_wconf 84' lang='lat' dir='ltr'>propter</span> <span class='ocrx_word' id='word_1_235' title='bbox 308 2187 379 2222; x_wconf 91' lang='lat' dir='ltr'>hoc</span> <span class='ocrx_word' id='word_1_236' title='bbox 396 2187 623 2232; x_wconf 82' lang='lat' dir='ltr'>quandoque</span> <span class='ocrx_word' id='word_1_237' title='bbox 642 2185 864 2230; x_wconf 82' lang='lat' dir='ltr'>exprimitur</span> 
     </span>
     <span class='ocr_line' id='line_1_44' title="bbox 82 2233 863 2280; baseline 0.001 -11"><span class='ocrx_word' id='word_1_238' title='bbox 82 2233 292 2280; x_wconf 85' lang='lat' dir='ltr'>pluraliter,</span> <span class='ocrx_word' id='word_1_239' title='bbox 304 2235 398 2269; x_wconf 89' lang='lat' dir='ltr'>sicut</span> <span class='ocrx_word' id='word_1_240' title='bbox 413 2234 450 2269; x_wconf 90' lang='lat' dir='ltr'>in</span> <span class='ocrx_word' id='word_1_241' title='bbox 467 2234 624 2269; x_wconf 85' lang='lat' dir='ltr'>collecta</span> <span class='ocrx_word' id='word_1_242' title='bbox 641 2244 649 2269; x_wconf 82' lang='lat' dir='ltr'>z</span> <span class='ocrx_word' id='word_1_243' title='bbox 667 2235 863 2279; x_wconf 74' lang='lat' dir='ltr'>Purificent</span> 
     </span>
     <span class='ocr_line' id='line_1_45' title="bbox 78 2283 862 2326; baseline -0.001 -9"><span class='ocrx_word' id='word_1_244' title='bbox 78 2292 157 2325; x_wconf 77' lang='grc' dir='ltr'><strong>ηοε,</strong></span> <span class='ocrx_word' id='word_1_245' title='bbox 181 2292 400 2326; x_wconf 81' lang='lat' dir='ltr'>quaesumus,</span> <span class='ocrx_word' id='word_1_246' title='bbox 431 2283 594 2324; x_wconf 80' lang='lat' dir='ltr'>Domine,</span> <span class='ocrx_word' id='word_1_247' title='bbox 633 2285 862 2316; x_wconf 78' lang='lat' dir='ltr'>sacramenta</span> 
     </span>
     <span class='ocr_line' id='line_1_46' title="bbox 82 2327 861 2374; baseline 0.001 -11"><span class='ocrx_word' id='word_1_248' title='bbox 82 2339 162 2374; x_wconf 79' lang='lat' dir='ltr'>quae</span> <span class='ocrx_word' id='word_1_249' title='bbox 179 2330 421 2374; x_wconf 74' lang='lat' dir='ltr'>sumpsimu33</span> <span class='ocrx_word' id='word_1_250' title='bbox 439 2331 475 2364; x_wconf 91' lang='lat' dir='ltr'>et</span> <span class='ocrx_word' id='word_1_251' title='bbox 495 2327 671 2364; x_wconf 83' lang='lat' dir='ltr'>subditur</span> <span class='ocrx_word' id='word_1_252' title='bbox 689 2331 771 2373; x_wconf 78' lang='lat' dir='ltr'>post</span> <span class='ocrx_word' id='word_1_253' title='bbox 788 2328 861 2364; x_wconf 88' lang='lat' dir='ltr'>sin-</span> 
     </span>
     <span class='ocr_line' id='line_1_47' title="bbox 81 2375 861 2430; baseline 0.001 -20"><span class='ocrx_word' id='word_1_254' title='bbox 81 2375 293 2430; x_wconf 81' lang='lat' dir='ltr'>gulariter:</span> <span class='ocrx_word' id='word_1_255' title='bbox 316 2378 363 2411; x_wconf 79' lang='lat' dir='ltr'>Et</span> <span class='ocrx_word' id='word_1_256' title='bbox 380 2380 530 2422; x_wconf 76' lang='lat' dir='ltr'>praesta,</span> <span class='ocrx_word' id='word_1_257' title='bbox 553 2380 593 2411; x_wconf 77' lang='lat' dir='ltr'>ut</span> <span class='ocrx_word' id='word_1_258' title='bbox 614 2377 678 2410; x_wconf 82' lang='lat' dir='ltr'>hoc</span> <span class='ocrx_word' id='word_1_259' title='bbox 699 2377 753 2411; x_wconf 76' lang='lat' dir='ltr'>tui</span> <span class='ocrx_word' id='word_1_260' title='bbox 775 2378 861 2412; x_wconf 77' lang='lat' dir='ltr'>Cor-</span> 
     </span>
     <span class='ocr_line' id='line_1_48' title="bbox 77 2422 862 2476; baseline 0.001 -18"><span class='ocrx_word' id='word_1_261' title='bbox 77 2425 181 2470; x_wconf 75' lang='lat' dir='ltr'>poris</span> <span class='ocrx_word' id='word_1_262' title='bbox 201 2427 481 2466; x_wconf 80' lang='lat' dir='ltr'>sacramentum,</span> <span class='ocrx_word' id='word_1_263' title='bbox 499 2426 569 2459; x_wconf 86' lang='grc'><strong>616.</strong></span> <span class='ocrx_word' id='word_1_264' title='bbox 593 2423 704 2459; x_wconf 83' lang='grc' dir='ltr'><strong>Ρ6615</strong></span> <span class='ocrx_word' id='word_1_265' title='bbox 724 2422 862 2476; x_wconf 80' lang='lat' dir='ltr'>quippe</span> 
     </span>
     <span class='ocr_line' id='line_1_49' title="bbox 82 2470 862 2517; baseline 0.003 -11"><span class='ocrx_word' id='word_1_266' title='bbox 82 2473 360 2506; x_wconf 86' lang='lat' dir='ltr'>sacramentum</span> <span class='ocrx_word' id='word_1_267' title='bbox 381 2474 438 2507; x_wconf 91' lang='lat' dir='ltr'>est</span> <span class='ocrx_word' id='word_1_268' title='bbox 458 2470 648 2517; x_wconf 79' lang='lat' dir='ltr'>Corporis,</span> <span class='ocrx_word' id='word_1_269' title='bbox 670 2475 707 2506; x_wconf 86' lang='lat' dir='ltr'>et</span> <span class='ocrx_word' id='word_1_270' title='bbox 732 2470 862 2508; x_wconf 83' lang='lat' dir='ltr'>vinum</span> 
     </span>
     <span class='ocr_line' id='line_1_50' title="bbox 83 2516 862 2564; baseline 0 -10"><span class='ocrx_word' id='word_1_271' title='bbox 83 2516 305 2564; x_wconf 83' lang='lat' dir='ltr'>Sanguinis3</span> <span class='ocrx_word' id='word_1_272' title='bbox 331 2529 429 2563; x_wconf 81' lang='lat' dir='ltr'>aqua</span> <span class='ocrx_word' id='word_1_273' title='bbox 466 2529 568 2560; x_wconf 87' lang='lat' dir='ltr'>v,ero</span> <span class='ocrx_word' id='word_1_274' title='bbox 597 2528 679 2564; x_wconf 83' lang='lat' dir='ltr'>quae</span> <span class='ocrx_word' id='word_1_275' title='bbox 709 2518 862 2564; x_wconf 83' lang='lat' dir='ltr'>apponi-</span> 
     </span>
     <span class='ocr_line' id='line_1_51' title="bbox 82 2565 861 2606; baseline 0.001 -5"><span class='ocrx_word' id='word_1_276' title='bbox 82 2569 156 2606; x_wconf 82' lang='lat' dir='ltr'>tur,</span> <span class='ocrx_word' id='word_1_277' title='bbox 188 2567 295 2600; x_wconf 87' lang='lat' dir='ltr'>notat</span> <span class='ocrx_word' id='word_1_278' title='bbox 326 2565 645 2602; x_wconf 79' lang='lat' dir='ltr'>similitudinem:</span> <span class='ocrx_word' id='word_1_279' title='bbox 674 2565 730 2600; x_wconf 87' lang='lat' dir='ltr'>vel</span> <span class='ocrx_word' id='word_1_280' title='bbox 762 2565 861 2602; x_wconf 91' lang='lat' dir='ltr'>illius</span> 
     </span>
     <span class='ocr_line' id='line_1_52' title="bbox 82 2612 860 2658; baseline 0 -9"><span class='ocrx_word' id='word_1_281' title='bbox 82 2622 191 2658; x_wconf 80' lang='lat' dir='ltr'>aqnae</span> <span class='ocrx_word' id='word_1_282' title='bbox 225 2622 307 2657; x_wconf 85' lang='lat' dir='ltr'>quae</span> <span class='ocrx_word' id='word_1_283' title='bbox 343 2613 449 2648; x_wconf 78' lang='lat' dir='ltr'>fluxit</span> <span class='ocrx_word' id='word_1_284' title='bbox 483 2614 528 2649; x_wconf 90' lang='lat' dir='ltr'>de</span> <span class='ocrx_word' id='word_1_285' title='bbox 556 2612 694 2648; x_wconf 86' lang='lat' dir='ltr'>Christi</span> <span class='ocrx_word' id='word_1_286' title='bbox 727 2612 860 2657; x_wconf 86' lang='lat' dir='ltr'>latere,</span> 
     </span>
     <span class='ocr_line' id='line_1_53' title="bbox 81 2659 861 2706; baseline 0 -11"><span class='ocrx_word' id='word_1_287' title='bbox 81 2659 140 2695; x_wconf 86' lang='lat' dir='ltr'>vel</span> <span class='ocrx_word' id='word_1_288' title='bbox 160 2659 251 2695; x_wconf 89' lang='lat' dir='ltr'>fidei</span> <span class='ocrx_word' id='word_1_289' title='bbox 277 2659 466 2705; x_wconf 85' lang='lat' dir='ltr'>Ecclesiae‚</span> <span class='ocrx_word' id='word_1_290' title='bbox 488 2665 528 2697; x_wconf 86' lang='lat' dir='ltr'>ut</span> <span class='ocrx_word' id='word_1_291' title='bbox 551 2671 672 2706; x_wconf 86' lang='lat' dir='ltr'>neque</span> <span class='ocrx_word' id='word_1_292' title='bbox 693 2659 861 2696; x_wconf 85' lang='lat' dir='ltr'>Christus</span> 
     </span>
     <span class='ocr_line' id='line_1_54' title="bbox 82 2705 860 2761; baseline 0.003 -19"><span class='ocrx_word' id='word_1_293' title='bbox 82 2705 164 2742; x_wconf 91' lang='lat' dir='ltr'>sine</span> <span class='ocrx_word' id='word_1_294' title='bbox 200 2706 379 2749; x_wconf 89' lang='lat' dir='ltr'>Ecclesia</span> <span class='ocrx_word' id='word_1_295' title='bbox 420 2718 542 2761; x_wconf 78' lang='lat' dir='ltr'>neque</span> <span class='ocrx_word' id='word_1_296' title='bbox 579 2709 701 2744; x_wconf 88' lang='lat' dir='ltr'>Eccle</span> <span class='ocrx_word' id='word_1_297' title='bbox 690 2707 744 2743; x_wconf 87' lang='lat' dir='ltr'>ia</span> <span class='ocrx_word' id='word_1_298' title='bbox 779 2706 860 2744; x_wconf 89' lang='lat' dir='ltr'>sine</span> 
     </span>
     <span class='ocr_line' id='line_1_55' title="bbox 81 2753 859 2801; baseline -0.001 -10"><span class='ocrx_word' id='word_1_299' title='bbox 81 2753 226 2791; x_wconf 89' lang='lat' dir='ltr'>Christo</span> <span class='ocrx_word' id='word_1_300' title='bbox 248 2753 309 2799; x_wconf 87' lang='lat' dir='ltr'>sit,</span> <span class='ocrx_word' id='word_1_301' title='bbox 332 2755 398 2791; x_wconf 89' lang='lat' dir='ltr'>sed</span> <span class='ocrx_word' id='word_1_302' title='bbox 421 2756 502 2801; x_wconf 87' lang='lat' dir='ltr'>ejus</span> <span class='ocrx_word' id='word_1_303' title='bbox 530 2756 633 2791; x_wconf 87' lang='lat' dir='ltr'>carni</span> <span class='ocrx_word' id='word_1_304' title='bbox 661 2757 697 2790; x_wconf 87' lang='lat' dir='ltr'>et</span> <span class='ocrx_word' id='word_1_305' title='bbox 722 2754 859 2791; x_wconf 71' lang='lat' dir='ltr'>animae</span> 
     </span>
     <span class='ocr_line' id='line_1_56' title="bbox 81 2801 860 2841; baseline 0.001 -2"><span class='ocrx_word' id='word_1_306' title='bbox 81 2801 233 2840; x_wconf 83' lang='lat' dir='ltr'>uniatur</span> <span class='ocrx_word' id='word_1_307' title='bbox 263 2805 300 2839; x_wconf 87' lang='lat' dir='ltr'>et</span> <span class='ocrx_word' id='word_1_308' title='bbox 330 2802 598 2841; x_wconf 82' lang='lat' dir='ltr'>conformetur.</span> <span class='ocrx_word' id='word_1_309' title='bbox 621 2804 665 2840; x_wconf 90' lang='lat' dir='ltr'>Et</span> <span class='ocrx_word' id='word_1_310' title='bbox 690 2801 775 2840; x_wconf 87' lang='lat' dir='ltr'>ideo</span> <span class='ocrx_word' id='word_1_311' title='bbox 809 2802 860 2840; x_wconf 91' lang='lat' dir='ltr'>vi-</span> 
     </span>
    </p>
   </div>
   <div class='ocr_carea' id='block_1_3' title="bbox 937 244 1734 2812">
    <p class='ocr_par' dir='ltr' id='par_1_9' title="bbox 944 244 1724 432">
     <span class='ocr_line' id='line_1_57' title="bbox 944 244 1722 291; baseline 0.003 -12"><span class='ocrx_word' id='word_1_312' title='bbox 944 254 1035 279; x_wconf 89' lang='lat' dir='ltr'>num</span> <span class='ocrx_word' id='word_1_313' title='bbox 1053 254 1162 291; x_wconf 78' lang='lat' dir='ltr'>aquae</span> <span class='ocrx_word' id='word_1_314' title='bbox 1181 244 1337 280; x_wconf 79' lang='lat' dir='ltr'>mixtum</span> <span class='ocrx_word' id='word_1_315' title='bbox 1358 244 1396 280; x_wconf 91' lang='lat' dir='ltr'>in</span> <span class='ocrx_word' id='word_1_316' title='bbox 1416 245 1528 281; x_wconf 80' lang='lat' dir='ltr'>Missa</span> <span class='ocrx_word' id='word_1_317' title='bbox 1549 244 1722 288; x_wconf 74' lang='lat' dir='ltr'>offertur,</span> 
     </span>
     <span class='ocr_line' id='line_1_58' title="bbox 945 291 1722 338; baseline 0.001 -11"><span class='ocrx_word' id='word_1_318' title='bbox 945 294 984 327; x_wconf 91' lang='lat' dir='ltr'>ut</span> <span class='ocrx_word' id='word_1_319' title='bbox 999 293 1221 328; x_wconf 76' lang='lat' dir='ltr'>ostendatur</span> <span class='ocrx_word' id='word_1_320' title='bbox 1238 291 1326 338; x_wconf 86' lang='lat' dir='ltr'>quia</span> <span class='ocrx_word' id='word_1_321' title='bbox 1346 295 1457 337; x_wconf 85' lang='lat' dir='ltr'>caput</span> <span class='ocrx_word' id='word_1_322' title='bbox 1477 295 1514 327; x_wconf 88' lang='lat' dir='ltr'>et</span> <span class='ocrx_word' id='word_1_323' title='bbox 1536 293 1722 335; x_wconf 86' lang='lat' dir='ltr'>membra,</span> 
     </span>
     <span class='ocr_line' id='line_1_59' title="bbox 945 338 1724 381; baseline 0.001 -7"><span class='ocrx_word' id='word_1_324' title='bbox 945 339 982 374; x_wconf 91' lang='lat' dir='ltr'>id</span> <span class='ocrx_word' id='word_1_325' title='bbox 1021 344 1077 375; x_wconf 82' lang='lat' dir='ltr'>est</span> <span class='ocrx_word' id='word_1_326' title='bbox 1110 338 1279 376; x_wconf 83' lang='lat' dir='ltr'>Christus</span> <span class='ocrx_word' id='word_1_327' title='bbox 1316 342 1353 375; x_wconf 90' lang='lat' dir='ltr'>et</span> <span class='ocrx_word' id='word_1_328' title='bbox 1393 339 1572 381; x_wconf 82' lang='lat' dir='ltr'>Ecclesia,</span> <span class='ocrx_word' id='word_1_329' title='bbox 1606 350 1724 376; x_wconf 89' lang='lat' dir='ltr'>unum</span> 
     </span>
     <span class='ocr_line' id='line_1_60' title="bbox 944 389 1198 432; baseline 0 -10"><span class='ocrx_word' id='word_1_330' title='bbox 944 397 1078 432; x_wconf 74' lang='lat' dir='ltr'>corpus</span> <span class='ocrx_word' id='word_1_331' title='bbox 1097 389 1198 423; x_wconf 89' lang='lat' dir='ltr'>sunt.</span> 
     </span>
    </p>

    <p class='ocr_par' dir='ltr' id='par_1_10' title="bbox 941 434 1734 2137">
     <span class='ocr_line' id='line_1_61' title="bbox 990 434 1725 486; baseline -0.001 -16"><span class='ocrx_word' id='word_1_332' title='bbox 990 438 1011 470; x_wconf 88' lang='grc'><strong>6</strong></span> <span class='ocrx_word' id='word_1_333' title='bbox 1035 436 1124 470; x_wconf 82' lang='lat' dir='ltr'>TRIA</span> <span class='ocrx_word' id='word_1_334' title='bbox 1144 446 1180 471; x_wconf 82' lang='lat' dir='ltr'>IN</span> <span class='ocrx_word' id='word_1_335' title='bbox 1206 445 1275 470; x_wconf 75' lang='lat' dir='ltr'>noc</span> <span class='ocrx_word' id='word_1_336' title='bbox 1298 445 1539 470; x_wconf 79' lang='lat' dir='ltr'><strong>SACRAMENTO.</strong></span> <span class='ocrx_word' id='word_1_337' title='bbox 1565 454 1609 459; x_wconf 98' lang='lat'><strong>—</strong></span> <span class='ocrx_word' id='word_1_338' title='bbox 1631 434 1725 486; x_wconf 82' lang='lat' dir='ltr'>Sunt</span> 
     </span>
     <span class='ocr_line' id='line_1_62' title="bbox 943 480 1724 518; baseline -0.001 -1"><span class='ocrx_word' id='word_1_339' title='bbox 943 484 1069 518; x_wconf 87' lang='lat' dir='ltr'>autem</span> <span class='ocrx_word' id='word_1_340' title='bbox 1094 481 1167 518; x_wconf 89' lang='lat' dir='ltr'>tria</span> <span class='ocrx_word' id='word_1_341' title='bbox 1186 481 1225 517; x_wconf 91' lang='lat' dir='ltr'>in</span> <span class='ocrx_word' id='word_1_342' title='bbox 1246 487 1483 518; x_wconf 87' lang='lat' dir='ltr'>sacramento</span> <span class='ocrx_word' id='word_1_343' title='bbox 1508 481 1580 516; x_wconf 86' lang='lat' dir='ltr'>isto</span> <span class='ocrx_word' id='word_1_344' title='bbox 1601 480 1724 516; x_wconf 88' lang='lat' dir='ltr'>consi-</span> 
     </span>
     <span class='ocr_line' id='line_1_63' title="bbox 944 529 1725 576; baseline 0 -12"><span class='ocrx_word' id='word_1_345' title='bbox 944 530 1136 566; x_wconf 81' lang='lat' dir='ltr'>deranda:</span> <span class='ocrx_word' id='word_1_346' title='bbox 1158 540 1287 573; x_wconf 89' lang='lat' dir='ltr'>unum,</span> <span class='ocrx_word' id='word_1_347' title='bbox 1309 529 1409 576; x_wconf 86' lang='lat' dir='ltr'>quod</span> <span class='ocrx_word' id='word_1_348' title='bbox 1427 531 1573 564; x_wconf 88' lang='lat' dir='ltr'>tantum</span> <span class='ocrx_word' id='word_1_349' title='bbox 1592 531 1649 563; x_wconf 90' lang='lat' dir='ltr'>est</span> <span class='ocrx_word' id='word_1_350' title='bbox 1669 539 1725 564; x_wconf 85' lang='lat' dir='ltr'>sa-</span> 
     </span>
     <span class='ocr_line' id='line_1_64' title="bbox 943 574 1725 631; baseline -0.004 -19"><span class='ocrx_word' id='word_1_351' title='bbox 943 580 1196 631; x_wconf 78' lang='lat' dir='ltr'>cr·1meutum‚</span> <span class='ocrx_word' id='word_1_352' title='bbox 1223 576 1365 613; x_wconf 84' lang='lat' dir='ltr'>scilicet</span> <span class='ocrx_word' id='word_1_353' title='bbox 1391 575 1536 622; x_wconf 83' lang='lat' dir='ltr'>species</span> <span class='ocrx_word' id='word_1_354' title='bbox 1563 574 1725 610; x_wconf 88' lang='lat' dir='ltr'>visibilis</span> 
     </span>
     <span class='ocr_line' id='line_1_65' title="bbox 942 622 1724 670; baseline -0.001 -12"><span class='ocrx_word' id='word_1_355' title='bbox 942 624 1050 670; x_wconf 86' lang='lat' dir='ltr'>panis</span> <span class='ocrx_word' id='word_1_356' title='bbox 1065 628 1102 660; x_wconf 90' lang='lat' dir='ltr'>et</span> <span class='ocrx_word' id='word_1_357' title='bbox 1122 624 1218 669; x_wconf 88' lang='lat' dir='ltr'>vini;</span> <span class='ocrx_word' id='word_1_358' title='bbox 1238 624 1462 667; x_wconf 85' lang='lat' dir='ltr'>secundum,</span> <span class='ocrx_word' id='word_1_359' title='bbox 1483 622 1643 669; x_wconf 87' lang='lat' dir='ltr'>quodest</span> <span class='ocrx_word' id='word_1_360' title='bbox 1668 633 1724 658; x_wconf 87' lang='lat' dir='ltr'>sa-</span> 
     </span>
     <span class='ocr_line' id='line_1_66' title="bbox 943 668 1723 716; baseline -0.001 -10"><span class='ocrx_word' id='word_1_361' title='bbox 943 676 1180 708; x_wconf 85' lang='lat' dir='ltr'>cramentum</span> <span class='ocrx_word' id='word_1_362' title='bbox 1196 677 1232 708; x_wconf 88' lang='lat' dir='ltr'>et</span> <span class='ocrx_word' id='word_1_363' title='bbox 1243 683 1318 716; x_wconf 90' lang='lat' dir='ltr'>res,</span> <span class='ocrx_word' id='word_1_364' title='bbox 1334 670 1477 707; x_wconf 87' lang='lat' dir='ltr'>scilicet</span> <span class='ocrx_word' id='word_1_365' title='bbox 1496 680 1584 706; x_wconf 86' lang='lat' dir='ltr'>caro</span> <span class='ocrx_word' id='word_1_366' title='bbox 1598 668 1723 705; x_wconf 86' lang='lat' dir='ltr'>Chris-</span> 
     </span>
     <span class='ocr_line' id='line_1_67' title="bbox 942 715 1723 766; baseline -0.003 -13"><span class='ocrx_word' id='word_1_367' title='bbox 942 718 969 753; x_wconf 87' lang='lat' dir='ltr'>ti</span> <span class='ocrx_word' id='word_1_368' title='bbox 997 719 1150 765; x_wconf 88' lang='lat' dir='ltr'>propria</span> <span class='ocrx_word' id='word_1_369' title='bbox 1171 721 1329 766; x_wconf 76' lang='lat' dir='ltr'>ejusque</span> <span class='ocrx_word' id='word_1_370' title='bbox 1350 719 1523 764; x_wconf 82' lang='lat' dir='ltr'>sanguis;</span> <span class='ocrx_word' id='word_1_371' title='bbox 1553 715 1723 760; x_wconf 79' lang='lat' dir='ltr'>tertium,</span> 
     </span>
     <span class='ocr_line' id='line_1_68' title="bbox 944 763 1725 811; baseline -0.003 -11"><span class='ocrx_word' id='word_1_372' title='bbox 944 766 1043 811; x_wconf 82' lang='lat' dir='ltr'>quod</span> <span class='ocrx_word' id='word_1_373' title='bbox 1059 770 1114 802; x_wconf 89' lang='lat' dir='ltr'>est</span> <span class='ocrx_word' id='word_1_374' title='bbox 1132 778 1192 803; x_wconf 85' lang='lat' dir='ltr'>res</span> <span class='ocrx_word' id='word_1_375' title='bbox 1206 771 1327 802; x_wconf 85' lang='grc'><strong>(16611</strong></span> <span class='ocrx_word' id='word_1_376' title='bbox 1344 767 1640 807; x_wconf 86' lang='lat' dir='ltr'>sacramentum,</span> <span class='ocrx_word' id='word_1_377' title='bbox 1657 763 1725 799; x_wconf 89' lang='grc'>561-</span> 
     </span>
     <span class='ocr_line' id='line_1_69' title="bbox 943 812 1724 866; baseline -0.003 -18"><span class='ocrx_word' id='word_1_378' title='bbox 943 813 1116 866; x_wconf 73' lang='lat' dir='ltr'>licetmys</span> <span class='ocrx_word' id='word_1_379' title='bbox 1122 814 1194 850; x_wconf 80' lang='lat' dir='ltr'>tica</span> <span class='ocrx_word' id='word_1_380' title='bbox 1219 813 1355 850; x_wconf 79' lang='lat' dir='ltr'>Christi</span> <span class='ocrx_word' id='word_1_381' title='bbox 1381 824 1482 855; x_wconf 80' lang='lat' dir='ltr'>caro,</span> <span class='ocrx_word' id='word_1_382' title='bbox 1500 812 1536 848; x_wconf 90' lang='lat' dir='ltr'>id</span> <span class='ocrx_word' id='word_1_383' title='bbox 1564 814 1633 848; x_wconf 92' lang='lat' dir='ltr'>est.</span> <span class='ocrx_word' id='word_1_384' title='bbox 1660 813 1724 847; x_wconf 84' lang='lat' dir='ltr'>Ec-</span> 
     </span>
     <span class='ocr_line' id='line_1_70' title="bbox 944 859 1725 908; baseline 0 -13"><span class='ocrx_word' id='word_1_385' title='bbox 944 860 1067 896; x_wconf 76' lang='grc'><strong>6165166</strong></span> <span class='ocrx_word' id='word_1_386' title='bbox 1091 864 1228 898; x_wconf 66' lang='lat' dir='ltr'>unitas</span> <span class='ocrx_word' id='word_1_387' title='bbox 1257 864 1328 897; x_wconf 78' lang='lat' dir='ltr'>Res</span> <span class='ocrx_word' id='word_1_388' title='bbox 1347 872 1438 908; x_wconf 80' lang='lat' dir='ltr'>ergo</span> <span class='ocrx_word' id='word_1_389' title='bbox 1459 859 1670 906; x_wconf 83' lang='lat' dir='ltr'>significata</span> <span class='ocrx_word' id='word_1_390' title='bbox 1688 862 1725 895; x_wconf 81' lang='lat' dir='ltr'>et</span> 
     </span>
     <span class='ocr_line' id='line_1_71' title="bbox 945 910 1727 945; baseline -0.001 -2"><span class='ocrx_word' id='word_1_391' title='bbox 945 910 1172 944; x_wconf 82' lang='lat' dir='ltr'>contentam</span> <span class='ocrx_word' id='word_1_392' title='bbox 1192 910 1261 945; x_wconf 86' lang='lat' dir='ltr'>hoc</span> <span class='ocrx_word' id='word_1_393' title='bbox 1276 910 1511 944; x_wconf 84' lang='lat' dir='ltr'>sacramento</span> <span class='ocrx_word' id='word_1_394' title='bbox 1527 912 1583 943; x_wconf 87' lang='lat' dir='ltr'>est</span> <span class='ocrx_word' id='word_1_395' title='bbox 1597 916 1727 942; x_wconf 90' lang='lat' dir='ltr'>verum</span> 
     </span>
     <span class='ocr_line' id='line_1_72' title="bbox 945 953 1723 1007; baseline -0.001 -16"><span class='ocrx_word' id='word_1_396' title='bbox 945 956 1251 1002; x_wconf 68' lang='grc'><strong>(361·1111501111511,</strong></span> <span class='ocrx_word' id='word_1_397' title='bbox 1265 956 1485 1002; x_wconf 84' lang='lat' dir='ltr'>quodtraxit</span> <span class='ocrx_word' id='word_1_398' title='bbox 1497 953 1723 1007; x_wconf 76' lang='lat' dir='ltr'>deVirgine;</span> 
     </span>
     <span class='ocr_line' id='line_1_73' title="bbox 943 1001 1724 1047; baseline -0.003 -9"><span class='ocrx_word' id='word_1_399' title='bbox 943 1013 1005 1038; x_wconf 89' lang='lat' dir='ltr'>res</span> <span class='ocrx_word' id='word_1_400' title='bbox 1034 1014 1108 1039; x_wconf 88' lang='lat' dir='ltr'>non</span> <span class='ocrx_word' id='word_1_401' title='bbox 1130 1007 1320 1046; x_wconf 87' lang='lat' dir='ltr'>contenta,</span> <span class='ocrx_word' id='word_1_402' title='bbox 1345 1004 1411 1039; x_wconf 76' lang='lat' dir='ltr'>secl</span> <span class='ocrx_word' id='word_1_403' title='bbox 1432 1005 1580 1038; x_wconf 79' lang='lat' dir='ltr'>tantum</span> <span class='ocrx_word' id='word_1_404' title='bbox 1607 1001 1724 1047; x_wconf 82' lang='lat' dir='ltr'>signi-</span> 
     </span>
     <span class='ocr_line' id='line_1_74' title="bbox 943 1048 1724 1102; baseline -0.001 -17"><span class='ocrx_word' id='word_1_405' title='bbox 943 1050 1069 1095; x_wconf 81' lang='lat' dir='ltr'>ficata,</span> <span class='ocrx_word' id='word_1_406' title='bbox 1099 1055 1153 1087; x_wconf 77' lang='lat' dir='ltr'>est</span> <span class='ocrx_word' id='word_1_407' title='bbox 1188 1062 1324 1097; x_wconf 87' lang='lat' dir='ltr'>corpus</span> <span class='ocrx_word' id='word_1_408' title='bbox 1348 1049 1485 1087; x_wconf 84' lang='lat' dir='ltr'>Christi</span> <span class='ocrx_word' id='word_1_409' title='bbox 1513 1048 1724 1102; x_wconf 79' lang='lat' dir='ltr'>mysticum,</span> 
     </span>
     <span class='ocr_line' id='line_1_75' title="bbox 944 1096 1723 1149; baseline -0.001 -16"><span class='ocrx_word' id='word_1_410' title='bbox 944 1099 1044 1143; x_wconf 86' lang='lat' dir='ltr'>quod</span> <span class='ocrx_word' id='word_1_411' title='bbox 1071 1098 1315 1145; x_wconf 84' lang='lat' dir='ltr'>conJ&#39;ungitur</span> <span class='ocrx_word' id='word_1_412' title='bbox 1338 1097 1450 1143; x_wconf 81' lang='lat' dir='ltr'>capiti</span> <span class='ocrx_word' id='word_1_413' title='bbox 1488 1108 1554 1149; x_wconf 80' lang='lat' dir='ltr'>per</span> <span class='ocrx_word' id='word_1_414' title='bbox 1581 1096 1723 1132; x_wconf 89' lang='lat' dir='ltr'>carita-</span> 
     </span>
     <span class='ocr_line' id='line_1_76' title="bbox 943 1143 1721 1190; baseline -0.001 -10"><span class='ocrx_word' id='word_1_415' title='bbox 943 1150 1031 1181; x_wconf 90' lang='lat' dir='ltr'>tem.</span> <span class='ocrx_word' id='word_1_416' title='bbox 1052 1147 1103 1181; x_wconf 90' lang='lat' dir='ltr'>De</span> <span class='ocrx_word' id='word_1_417' title='bbox 1126 1147 1196 1181; x_wconf 85' lang='lat' dir='ltr'>hoc</span> <span class='ocrx_word' id='word_1_418' title='bbox 1212 1157 1369 1190; x_wconf 84' lang='lat' dir='ltr'>corpore</span> <span class='ocrx_word' id='word_1_419' title='bbox 1391 1144 1529 1182; x_wconf 82' lang='lat' dir='ltr'>Christi</span> <span class='ocrx_word' id='word_1_420' title='bbox 1548 1143 1721 1190; x_wconf 88' lang='lat' dir='ltr'>mystico,</span> 
     </span>
     <span class='ocr_line' id='line_1_77' title="bbox 943 1191 1724 1236; baseline -0.001 -9"><span class='ocrx_word' id='word_1_421' title='bbox 943 1192 1086 1229; x_wconf 88' lang='lat' dir='ltr'>scilicet</span> <span class='ocrx_word' id='word_1_422' title='bbox 1117 1193 1259 1229; x_wconf 82' lang='lat' dir='ltr'>unitate</span> <span class='ocrx_word' id='word_1_423' title='bbox 1282 1194 1472 1236; x_wconf 72' lang='lat' dir='ltr'>Ecclesiae,</span> <span class='ocrx_word' id='word_1_424' title='bbox 1503 1191 1645 1227; x_wconf 87' lang='lat' dir='ltr'>dictum</span> <span class='ocrx_word' id='word_1_425' title='bbox 1666 1195 1724 1227; x_wconf 87' lang='lat' dir='ltr'>est</span> 
     </span>
     <span class='ocr_line' id='line_1_78' title="bbox 943 1238 1719 1286; baseline -0.001 -11"><span class='ocrx_word' id='word_1_426' title='bbox 943 1251 1057 1286; x_wconf 84' lang='lat' dir='ltr'>supra</span> <span class='ocrx_word' id='word_1_427' title='bbox 1085 1241 1130 1276; x_wconf 83' lang='lat' dir='ltr'>dc</span> <span class='ocrx_word' id='word_1_428' title='bbox 1160 1240 1283 1277; x_wconf 81' lang='lat' dir='ltr'>verbis</span> <span class='ocrx_word' id='word_1_429' title='bbox 1305 1240 1469 1284; x_wconf 70' lang='lat' dir='ltr'>Domini,</span> <span class='ocrx_word' id='word_1_430' title='bbox 1492 1250 1558 1285; x_wconf 87' lang='lat' dir='ltr'>pro</span> <span class='ocrx_word' id='word_1_431' title='bbox 1579 1238 1719 1284; x_wconf 83' lang='lat' dir='ltr'>quibus</span> 
     </span>
     <span class='ocr_line' id='line_1_79' title="bbox 944 1286 1722 1333; baseline -0.001 -11"><span class='ocrx_word' id='word_1_432' title='bbox 944 1288 1097 1333; x_wconf 79' lang='lat' dir='ltr'>quidam</span> <span class='ocrx_word' id='word_1_433' title='bbox 1110 1293 1213 1324; x_wconf 86' lang='lat' dir='ltr'>retro</span> <span class='ocrx_word' id='word_1_434' title='bbox 1227 1288 1414 1324; x_wconf 85' lang='lat' dir='ltr'>abierunt.</span> <span class='ocrx_word' id='word_1_435' title='bbox 1439 1289 1502 1323; x_wconf 91' lang='lat' dir='ltr'>Est</span> <span class='ocrx_word' id='word_1_436' title='bbox 1513 1286 1627 1322; x_wconf 87' lang='lat' dir='ltr'>etiam</span> <span class='ocrx_word' id='word_1_437' title='bbox 1642 1296 1722 1322; x_wconf 88' lang='lat' dir='ltr'>cor-</span> 
     </span>
     <span class='ocr_line' id='line_1_80' title="bbox 942 1333 1726 1381; baseline -0.003 -11"><span class='ocrx_word' id='word_1_438' title='bbox 942 1346 1010 1381; x_wconf 75' lang='lat' dir='ltr'>pus</span> <span class='ocrx_word' id='word_1_439' title='bbox 1043 1335 1278 1371; x_wconf 88' lang='lat' dir='ltr'>Dominicum</span> <span class='ocrx_word' id='word_1_440' title='bbox 1302 1339 1585 1371; x_wconf 86' lang='lat' dir='ltr'>sacramentum</span> <span class='ocrx_word' id='word_1_441' title='bbox 1606 1333 1726 1369; x_wconf 85' lang='lat' dir='ltr'>incar-</span> 
     </span>
     <span class='ocr_line' id='line_1_81' title="bbox 944 1382 1724 1425; baseline -0.001 -8"><span class='ocrx_word' id='word_1_442' title='bbox 944 1386 1043 1418; x_wconf 66' lang='lat' dir='ltr'>natae</span> <span class='ocrx_word' id='word_1_443' title='bbox 1074 1382 1293 1419; x_wconf 89' lang='lat' dir='ltr'>divinitatis.</span> <span class='ocrx_word' id='word_1_444' title='bbox 1322 1384 1427 1419; x_wconf 76' lang='lat' dir='ltr'>Unde</span> <span class='ocrx_word' id='word_1_445' title='bbox 1458 1382 1724 1425; x_wconf 71' lang='lat' dir='ltr'>Auqustz‘nus.</span> 
     </span>
     <span class='ocr_line' id='line_1_82' title="bbox 946 1427 1724 1484; baseline -0.001 -20"><span class='ocrx_word' id='word_1_446' title='bbox 946 1444 964 1462; x_wconf 90' lang='lat'>«</span> <span class='ocrx_word' id='word_1_447' title='bbox 993 1430 1086 1465; x_wconf 87' lang='lat' dir='ltr'>Illud</span> <span class='ocrx_word' id='word_1_448' title='bbox 1110 1441 1247 1476; x_wconf 78' lang='lat' dir='ltr'>coipus</span> <span class='ocrx_word' id='word_1_449' title='bbox 1275 1429 1422 1466; x_wconf 83' lang='lat' dir='ltr'>visibile</span> <span class='ocrx_word' id='word_1_450' title='bbox 1458 1433 1495 1464; x_wconf 90' lang='grc'>61</span> <span class='ocrx_word' id='word_1_451' title='bbox 1521 1427 1724 1484; x_wconf 77' lang='lat' dir='ltr'>palpabile,</span> 
     </span>
     <span class='ocr_line' id='line_1_83' title="bbox 944 1474 1725 1530; baseline -0.001 -19"><span class='ocrx_word' id='word_1_452' title='bbox 944 1481 1224 1530; x_wconf 83' lang='lat' dir='ltr'>sacramentum</span> <span class='ocrx_word' id='word_1_453' title='bbox 1240 1480 1297 1513; x_wconf 88' lang='lat' dir='ltr'>est</span> <span class='ocrx_word' id='word_1_454' title='bbox 1313 1476 1512 1513; x_wconf 89' lang='lat' dir='ltr'>invisibilis</span> <span class='ocrx_word' id='word_1_455' title='bbox 1526 1476 1583 1512; x_wconf 87' lang='lat' dir='ltr'>t&#39;01</span> <span class='ocrx_word' id='word_1_456' title='bbox 1588 1486 1671 1519; x_wconf 78' lang='lat' dir='ltr'>mae,</span> <span class='ocrx_word' id='word_1_457' title='bbox 1688 1474 1725 1511; x_wconf 87' lang='lat' dir='ltr'>id</span> 
     </span>
     <span class='ocr_line' id='line_1_84' title="bbox 944 1522 1722 1578; baseline -0.003 -19"><span class='ocrx_word' id='word_1_458' title='bbox 944 1528 1000 1560; x_wconf 90' lang='lat' dir='ltr'>est</span> <span class='ocrx_word' id='word_1_459' title='bbox 1021 1524 1130 1578; x_wconf 88' lang='lat' dir='ltr'>panis</span> <span class='ocrx_word' id='word_1_460' title='bbox 1143 1524 1320 1565; x_wconf 80' lang='lat' dir='ltr'>coelestis.</span> <span class='ocrx_word' id='word_1_461' title='bbox 1338 1535 1412 1577; x_wconf 82' lang='lat' dir='ltr'>quo</span> <span class='ocrx_word' id='word_1_462' title='bbox 1430 1523 1557 1559; x_wconf 85' lang='lat' dir='ltr'>vivunt</span> <span class='ocrx_word' id='word_1_463' title='bbox 1575 1522 1722 1575; x_wconf 83' lang='lat' dir='ltr'>Angeli.</span> 
     </span>
     <span class='ocr_line' id='line_1_85' title="bbox 944 1550 1722 1617; baseline -0.005 -9"><span class='ocrx_word' id='word_1_464' title='bbox 944 1572 1035 1608; x_wconf 90' lang='lat' dir='ltr'>Cum</span> <span class='ocrx_word' id='word_1_465' title='bbox 1046 1571 1146 1607; x_wconf 90' lang='lat' dir='ltr'>enim</span> <span class='ocrx_word' id='word_1_466' title='bbox 1160 1571 1251 1607; x_wconf 91' lang='lat' dir='ltr'>nihil</span> <span class='ocrx_word' id='word_1_467' title='bbox 1267 1572 1384 1617; x_wconf 81' lang='lat' dir='ltr'>gessit</span> <span class='ocrx_word' id='word_1_468' title='bbox 1402 1571 1441 1606; x_wconf 91' lang='lat' dir='ltr'>in</span> <span class='ocrx_word' id='word_1_469' title='bbox 1461 1581 1620 1617; x_wconf 83' lang='lat' dir='ltr'>corpore</span> <span class='ocrx_word' id='word_1_470' title='bbox 1634 1550 1722 1605; x_wconf 86' lang='lat' dir='ltr'>ani-</span> 
     </span>
     <span class='ocr_line' id='line_1_86' title="bbox 944 1598 1723 1671; baseline -0.004 -16"><span class='ocrx_word' id='word_1_471' title='bbox 944 1630 1006 1655; x_wconf 89' lang='lat' dir='ltr'>ma</span> <span class='ocrx_word' id='word_1_472' title='bbox 1021 1620 1095 1655; x_wconf 78' lang='lat' dir='ltr'>Chi</span> <span class='ocrx_word' id='word_1_473' title='bbox 1098 1619 1174 1663; x_wconf 87' lang='lat' dir='ltr'>isti,</span> <span class='ocrx_word' id='word_1_474' title='bbox 1192 1619 1262 1655; x_wconf 88' lang='lat' dir='ltr'>nisi</span> <span class='ocrx_word' id='word_1_475' title='bbox 1267 1598 1466 1671; x_wconf 64' lang='lat' dir='ltr'>Dquantum</span> <span class='ocrx_word' id='word_1_476' title='bbox 1482 1618 1649 1655; x_wconf 85' lang='lat' dir='ltr'>Verbum</span> <span class='ocrx_word' id='word_1_477' title='bbox 1664 1617 1723 1652; x_wconf 88' lang='lat' dir='ltr'>cui</span> 
     </span>
     <span class='ocr_line' id='line_1_87' title="bbox 943 1665 1723 1713; baseline -0.001 -12"><span class='ocrx_word' id='word_1_478' title='bbox 943 1666 1048 1702; x_wconf 87' lang='lat' dir='ltr'>unita</span> <span class='ocrx_word' id='word_1_479' title='bbox 1061 1671 1117 1703; x_wconf 89' lang='lat' dir='ltr'>est</span> <span class='ocrx_word' id='word_1_480' title='bbox 1139 1666 1361 1713; x_wconf 79' lang='lat' dir='ltr'>inspirabat,</span> <span class='ocrx_word' id='word_1_481' title='bbox 1384 1677 1466 1712; x_wconf 78' lang='lat' dir='ltr'>quis</span> <span class='ocrx_word' id='word_1_482' title='bbox 1490 1676 1564 1701; x_wconf 75' lang='lat' dir='ltr'>non</span> <span class='ocrx_word' id='word_1_483' title='bbox 1579 1665 1723 1711; x_wconf 88' lang='lat' dir='ltr'>judicet</span> 
     </span>
     <span class='ocr_line' id='line_1_88' title="bbox 944 1712 1720 1759; baseline -0.004 -9"><span class='ocrx_word' id='word_1_484' title='bbox 944 1715 1086 1759; x_wconf 80' lang='lat' dir='ltr'>Coipus</span> <span class='ocrx_word' id='word_1_485' title='bbox 1104 1725 1218 1750; x_wconf 91' lang='lat' dir='ltr'>esse</span> <span class='ocrx_word' id='word_1_486' title='bbox 1204 1717 1484 1750; x_wconf 79' lang='lat' dir='ltr'>aeramentum</span> <span class='ocrx_word' id='word_1_487' title='bbox 1505 1712 1720 1748; x_wconf 84' lang='lat' dir='ltr'>inhabitan-</span> 
     </span>
     <span class='ocr_line' id='line_1_89' title="bbox 943 1758 1717 1797; baseline -0.001 -1"><span class='ocrx_word' id='word_1_488' title='bbox 943 1760 991 1796; x_wconf 89' lang='lat' dir='ltr'>tis</span> <span class='ocrx_word' id='word_1_489' title='bbox 1003 1761 1241 1797; x_wconf 77' lang='lat' dir='ltr'>divinitatis?</span> <span class='ocrx_word' id='word_1_490' title='bbox 1264 1776 1276 1794; x_wconf 85' lang='lat'>»</span> <span class='ocrx_word' id='word_1_491' title='bbox 1296 1763 1340 1797; x_wconf 88' lang='lat' dir='ltr'>Et</span> <span class='ocrx_word' id='word_1_492' title='bbox 1360 1761 1524 1797; x_wconf 89' lang='lat' dir='ltr'>iterum:</span> <span class='ocrx_word' id='word_1_493' title='bbox 1546 1758 1717 1796; x_wconf 82' lang='lat' dir='ltr'>«Christi</span> 
     </span>
     <span class='ocr_line' id='line_1_90' title="bbox 942 1776 1734 1852; baseline -0.001 -9"><span class='ocrx_word' id='word_1_494' title='bbox 942 1808 1100 1845; x_wconf 85' lang='lat' dir='ltr'>visibilis</span> <span class='ocrx_word' id='word_1_495' title='bbox 1118 1809 1254 1852; x_wconf 77' lang='lat' dir='ltr'>forma,</span> <span class='ocrx_word' id='word_1_496' title='bbox 1283 1808 1391 1845; x_wconf 89' lang='lat' dir='ltr'>nobis</span> <span class='ocrx_word' id='word_1_497' title='bbox 1411 1808 1523 1843; x_wconf 91' lang='lat' dir='ltr'>modo</span> <span class='ocrx_word' id='word_1_498' title='bbox 1546 1776 1734 1843; x_wconf 49' lang='lat' dir='ltr'>invisibi-</span> 
     </span>
     <span class='ocr_line' id='line_1_91' title="bbox 942 1853 1722 1900; baseline -0.003 -9"><span class='ocrx_word' id='word_1_499' title='bbox 942 1856 1001 1900; x_wconf 85' lang='lat' dir='ltr'>lis,</span> <span class='ocrx_word' id='word_1_500' title='bbox 1032 1867 1091 1892; x_wconf 87' lang='lat' dir='ltr'>res</span> <span class='ocrx_word' id='word_1_501' title='bbox 1110 1860 1167 1892; x_wconf 90' lang='lat' dir='ltr'>est</span> <span class='ocrx_word' id='word_1_502' title='bbox 1193 1855 1348 1892; x_wconf 78' lang='lat' dir='ltr'>visibilis</span> <span class='ocrx_word' id='word_1_503' title='bbox 1370 1853 1597 1891; x_wconf 86' lang='lat' dir='ltr'>sacramenti</span> <span class='ocrx_word' id='word_1_504' title='bbox 1629 1854 1722 1890; x_wconf 88' lang='lat' dir='ltr'>alta-</span> 
     </span>
     <span class='ocr_line' id='line_1_92' title="bbox 942 1901 1723 1954; baseline -0.003 -16"><span class='ocrx_word' id='word_1_505' title='bbox 942 1903 1020 1948; x_wconf 90' lang='lat' dir='ltr'>ris;</span> <span class='ocrx_word' id='word_1_506' title='bbox 1050 1908 1087 1939; x_wconf 85' lang='lat' dir='ltr'>et</span> <span class='ocrx_word' id='word_1_507' title='bbox 1105 1903 1266 1939; x_wconf 76' lang='lat' dir='ltr'>invisihi&#39;</span> <span class='ocrx_word' id='word_1_508' title='bbox 1272 1903 1304 1939; x_wconf 88' lang='lat' dir='ltr'>is</span> <span class='ocrx_word' id='word_1_509' title='bbox 1325 1904 1446 1939; x_wconf 84' lang='grc'><strong>1”·61616</strong></span> <span class='ocrx_word' id='word_1_510' title='bbox 1465 1901 1628 1938; x_wconf 86' lang='lat' dir='ltr'>coelestis</span> <span class='ocrx_word' id='word_1_511' title='bbox 1649 1912 1723 1954; x_wconf 86' lang='lat' dir='ltr'>pa—</span> 
     </span>
     <span class='ocr_line' id='line_1_93' title="bbox 942 1948 1725 1997; baseline 0 -12"><span class='ocrx_word' id='word_1_512' title='bbox 942 1950 1014 1995; x_wconf 91' lang='lat' dir='ltr'>nis,</span> <span class='ocrx_word' id='word_1_513' title='bbox 1037 1961 1110 1997; x_wconf 82' lang='lat' dir='ltr'>quo</span> <span class='ocrx_word' id='word_1_514' title='bbox 1132 1950 1260 1987; x_wconf 88' lang='lat' dir='ltr'>vivunt</span> <span class='ocrx_word' id='word_1_515' title='bbox 1280 1950 1425 1994; x_wconf 66' lang='lat' dir='ltr'>Amen,</span> <span class='ocrx_word' id='word_1_516' title='bbox 1447 1961 1506 1985; x_wconf 80' lang='lat' dir='ltr'>res</span> <span class='ocrx_word' id='word_1_517' title='bbox 1528 1953 1584 1985; x_wconf 90' lang='lat' dir='ltr'>est</span> <span class='ocrx_word' id='word_1_518' title='bbox 1600 1948 1725 1985; x_wconf 87' lang='lat' dir='ltr'>visibi-</span> 
     </span>
     <span class='ocr_line' id='line_1_94' title="bbox 942 1988 1721 2044; baseline 0 -11"><span class='ocrx_word' id='word_1_519' title='bbox 942 1998 985 2033; x_wconf 88' lang='lat' dir='ltr'>lis</span> <span class='ocrx_word' id='word_1_520' title='bbox 1006 1998 1253 2044; x_wconf 75' lang='lat' dir='ltr'>etpalpabilis</span> <span class='ocrx_word' id='word_1_521' title='bbox 1273 1988 1403 2034; x_wconf 81' lang='lat' dir='ltr'>formae</span> <span class='ocrx_word' id='word_1_522' title='bbox 1416 1996 1566 2034; x_wconf 86' lang='lat' dir='ltr'>Christi.</span> <span class='ocrx_word' id='word_1_523' title='bbox 1589 1997 1654 2032; x_wconf 89' lang='lat' dir='ltr'>Est</span> <span class='ocrx_word' id='word_1_524' title='bbox 1668 1995 1721 2033; x_wconf 86' lang='lat' dir='ltr'>ita</span> 
     </span>
     <span class='ocr_line' id='line_1_95' title="bbox 942 2045 1719 2089; baseline -0.003 -7"><span class='ocrx_word' id='word_1_525' title='bbox 942 2045 1112 2082; x_wconf 88' lang='lat' dir='ltr'>Christus</span> <span class='ocrx_word' id='word_1_526' title='bbox 1138 2049 1175 2082; x_wconf 89' lang='lat' dir='ltr'>et</span> <span class='ocrx_word' id='word_1_527' title='bbox 1201 2050 1495 2089; x_wconf 83' lang='lat' dir='ltr'>sacramentum,</span> <span class='ocrx_word' id='word_1_528' title='bbox 1518 2048 1555 2080; x_wconf 81' lang='lat' dir='ltr'>ct</span> <span class='ocrx_word' id='word_1_529' title='bbox 1574 2054 1634 2080; x_wconf 91' lang='lat' dir='ltr'>res</span> <span class='ocrx_word' id='word_1_530' title='bbox 1656 2054 1719 2080; x_wconf 86' lang='lat' dir='ltr'>sa-</span> 
     </span>
     <span class='ocr_line' id='line_1_96' title="bbox 941 2094 1566 2137; baseline -0.002 -8"><span class='ocrx_word' id='word_1_531' title='bbox 941 2094 1126 2129; x_wconf 84' lang='lat' dir='ltr'>cramenti</span> <span class='ocrx_word' id='word_1_532' title='bbox 1151 2104 1159 2129; x_wconf 92' lang='lat'><strong>:</strong></span> <span class='ocrx_word' id='word_1_533' title='bbox 1182 2106 1200 2128; x_wconf 91' lang='lat'>»</span> <span class='ocrx_word' id='word_1_534' title='bbox 1221 2094 1302 2129; x_wconf 85' lang='lat' dir='ltr'>haec</span> <span class='ocrx_word' id='word_1_535' title='bbox 1321 2094 1566 2137; x_wconf 66' lang='lat' dir='ltr'>Auyustinus.</span> 
     </span>
    </p>

    <p class='ocr_par' dir='ltr' id='par_1_11' title="bbox 937 2142 1723 2804">
     <span class='ocr_line' id='line_1_97' title="bbox 989 2142 1716 2187; baseline 0 -11"><span class='ocrx_word' id='word_1_536' title='bbox 989 2156 1008 2187; x_wconf 91' lang='lat'><strong>7</strong></span> <span class='ocrx_word' id='word_1_537' title='bbox 1030 2142 1157 2176; x_wconf 71' lang='lat' dir='ltr'>Novffli</span> <span class='ocrx_word' id='word_1_538' title='bbox 1186 2152 1370 2176; x_wconf 71' lang='lat' dir='ltr'>umABILIA</span> <span class='ocrx_word' id='word_1_539' title='bbox 1402 2152 1437 2176; x_wconf 77' lang='lat' dir='ltr'>[N</span> <span class='ocrx_word' id='word_1_540' title='bbox 1461 2142 1716 2176; x_wconf 66' lang='lat' dir='ltr'>Eueufflsm.</span> 
     </span>
     <span class='ocr_line' id='line_1_98' title="bbox 941 2187 1716 2224; baseline 0.001 -1"><span class='ocrx_word' id='word_1_541' title='bbox 941 2208 988 2214; x_wconf 93' lang='lat'>-—-</span> <span class='ocrx_word' id='word_1_542' title='bbox 1012 2188 1128 2224; x_wconf 88' lang='lat' dir='ltr'>Multa</span> <span class='ocrx_word' id='word_1_543' title='bbox 1161 2188 1349 2224; x_wconf 83' lang='lat' dir='ltr'>mirabilia</span> <span class='ocrx_word' id='word_1_544' title='bbox 1376 2190 1461 2224; x_wconf 87' lang='lat' dir='ltr'>sunt</span> <span class='ocrx_word' id='word_1_545' title='bbox 1491 2187 1529 2223; x_wconf 92' lang='lat' dir='ltr'>in</span> <span class='ocrx_word' id='word_1_546' title='bbox 1560 2189 1630 2224; x_wconf 88' lang='lat' dir='ltr'>hoc</span> <span class='ocrx_word' id='word_1_547' title='bbox 1655 2199 1716 2224; x_wconf 85' lang='lat' dir='ltr'>sa-</span> 
     </span>
     <span class='ocr_line' id='line_1_99' title="bbox 940 2234 1719 2281; baseline 0.001 -11"><span class='ocrx_word' id='word_1_548' title='bbox 940 2239 1149 2271; x_wconf 88' lang='lat' dir='ltr'>cramento.</span> <span class='ocrx_word' id='word_1_549' title='bbox 1173 2234 1356 2280; x_wconf 89' lang='lat' dir='ltr'>Primum,</span> <span class='ocrx_word' id='word_1_550' title='bbox 1374 2234 1541 2281; x_wconf 87' lang='lat' dir='ltr'>quodibi</span> <span class='ocrx_word' id='word_1_551' title='bbox 1563 2238 1619 2271; x_wconf 84' lang='lat' dir='ltr'>est</span> <span class='ocrx_word' id='word_1_552' title='bbox 1639 2245 1719 2271; x_wconf 86' lang='lat' dir='ltr'>cor-</span> 
     </span>
     <span class='ocr_line' id='line_1_100' title="bbox 941 2282 1723 2329; baseline 0.001 -11"><span class='ocrx_word' id='word_1_553' title='bbox 941 2293 1011 2329; x_wconf 90' lang='lat' dir='ltr'>pus</span> <span class='ocrx_word' id='word_1_554' title='bbox 1032 2282 1170 2319; x_wconf 90' lang='lat' dir='ltr'>Christi</span> <span class='ocrx_word' id='word_1_555' title='bbox 1192 2282 1231 2319; x_wconf 91' lang='lat' dir='ltr'>in</span> <span class='ocrx_word' id='word_1_556' title='bbox 1252 2286 1358 2319; x_wconf 84' lang='lat' dir='ltr'>tanta</span> <span class='ocrx_word' id='word_1_557' title='bbox 1379 2282 1604 2328; x_wconf 85' lang='lat' dir='ltr'>quantitate,</span> <span class='ocrx_word' id='word_1_558' title='bbox 1623 2282 1723 2319; x_wconf 87' lang='lat' dir='ltr'>sicut</span> 
     </span>
     <span class='ocr_line' id='line_1_101' title="bbox 940 2329 1716 2377; baseline 0.001 -12"><span class='ocrx_word' id='word_1_559' title='bbox 940 2330 1010 2366; x_wconf 82' lang='lat' dir='ltr'>fuit</span> <span class='ocrx_word' id='word_1_560' title='bbox 1028 2329 1066 2365; x_wconf 90' lang='lat' dir='ltr'>in</span> <span class='ocrx_word' id='word_1_561' title='bbox 1087 2341 1210 2375; x_wconf 85' lang='lat' dir='ltr'>cruce,</span> <span class='ocrx_word' id='word_1_562' title='bbox 1223 2335 1261 2366; x_wconf 90' lang='lat' dir='ltr'>et</span> <span class='ocrx_word' id='word_1_563' title='bbox 1272 2330 1370 2366; x_wconf 88' lang='lat' dir='ltr'>sicut</span> <span class='ocrx_word' id='word_1_564' title='bbox 1383 2331 1462 2376; x_wconf 78' lang='lat' dir='ltr'>Jam</span> <span class='ocrx_word' id='word_1_565' title='bbox 1476 2334 1532 2366; x_wconf 89' lang='lat' dir='ltr'>est</span> <span class='ocrx_word' id='word_1_566' title='bbox 1545 2331 1582 2365; x_wconf 92' lang='lat' dir='ltr'>in</span> <span class='ocrx_word' id='word_1_567' title='bbox 1601 2330 1716 2377; x_wconf 86' lang='lat' dir='ltr'>coelo;</span> 
     </span>
     <span class='ocr_line' id='line_1_102' title="bbox 942 2378 1719 2424; baseline 0.001 -11"><span class='ocrx_word' id='word_1_568' title='bbox 942 2388 1011 2413; x_wconf 87' lang='lat' dir='ltr'>nec</span> <span class='ocrx_word' id='word_1_569' title='bbox 1032 2382 1158 2414; x_wconf 87' lang='lat' dir='ltr'>tamen</span> <span class='ocrx_word' id='word_1_570' title='bbox 1171 2379 1315 2414; x_wconf 86' lang='lat' dir='ltr'>excedit</span> <span class='ocrx_word' id='word_1_571' title='bbox 1335 2378 1435 2414; x_wconf 85' lang='lat' dir='ltr'>illius</span> <span class='ocrx_word' id='word_1_572' title='bbox 1450 2388 1575 2424; x_wconf 84' lang='lat' dir='ltr'>parvae</span> <span class='ocrx_word' id='word_1_573' title='bbox 1588 2378 1719 2414; x_wconf 85' lang='lat' dir='ltr'>sormae</span> 
     </span>
     <span class='ocr_line' id='line_1_103' title="bbox 940 2424 1720 2471; baseline 0.001 -11"><span class='ocrx_word' id='word_1_574' title='bbox 940 2424 1135 2466; x_wconf 86' lang='lat' dir='ltr'>terminos,</span> <span class='ocrx_word' id='word_1_575' title='bbox 1156 2426 1214 2461; x_wconf 92' lang='lat' dir='ltr'>vel</span> <span class='ocrx_word' id='word_1_576' title='bbox 1238 2427 1500 2471; x_wconf 85' lang='lat' dir='ltr'>quantitatem,</span> <span class='ocrx_word' id='word_1_577' title='bbox 1525 2425 1626 2461; x_wconf 91' lang='lat' dir='ltr'>unde</span> <span class='ocrx_word' id='word_1_578' title='bbox 1649 2424 1720 2461; x_wconf 82' lang='lat' dir='ltr'>mi-</span> 
     </span>
     <span class='ocr_line' id='line_1_104' title="bbox 940 2472 1720 2519; baseline 0.001 -12"><span class='ocrx_word' id='word_1_579' title='bbox 940 2482 1024 2508; x_wconf 91' lang='lat' dir='ltr'>rum</span> <span class='ocrx_word' id='word_1_580' title='bbox 1051 2476 1108 2508; x_wconf 85' lang='lat' dir='ltr'>est</span> <span class='ocrx_word' id='word_1_581' title='bbox 1143 2473 1334 2519; x_wconf 84' lang='lat' dir='ltr'>quomodo</span> <span class='ocrx_word' id='word_1_582' title='bbox 1367 2474 1434 2510; x_wconf 88' lang='lat' dir='ltr'>sub</span> <span class='ocrx_word' id='word_1_583' title='bbox 1466 2477 1543 2509; x_wconf 85' lang='lat' dir='ltr'>tam</span> <span class='ocrx_word' id='word_1_584' title='bbox 1574 2472 1720 2509; x_wconf 89' lang='lat' dir='ltr'>modica</span> 
     </span>
     <span class='ocr_line' id='line_1_105' title="bbox 941 2519 1718 2573; baseline 0.001 -18"><span class='ocrx_word' id='word_1_585' title='bbox 941 2519 1065 2565; x_wconf 88' lang='lat' dir='ltr'>specie</span> <span class='ocrx_word' id='word_1_586' title='bbox 1086 2524 1213 2557; x_wconf 86' lang='lat' dir='ltr'>tantus</span> <span class='ocrx_word' id='word_1_587' title='bbox 1231 2522 1342 2557; x_wconf 87' lang='lat' dir='ltr'>homo</span> <span class='ocrx_word' id='word_1_588' title='bbox 1363 2521 1490 2557; x_wconf 83' lang='lat' dir='ltr'>lateat.</span> <span class='ocrx_word' id='word_1_589' title='bbox 1517 2541 1560 2546; x_wconf 91' lang='lat'>-</span> <span class='ocrx_word' id='word_1_590' title='bbox 1582 2521 1718 2573; x_wconf 76' lang='lat' dir='ltr'>Secun-</span> 
     </span>
     <span class='ocr_line' id='line_1_106' title="bbox 941 2566 1718 2614; baseline 0.001 -12"><span class='ocrx_word' id='word_1_591' title='bbox 941 2567 1029 2603; x_wconf 88' lang='lat' dir='ltr'>dum</span> <span class='ocrx_word' id='word_1_592' title='bbox 1051 2570 1122 2612; x_wconf 86' lang='lat' dir='ltr'>est,</span> <span class='ocrx_word' id='word_1_593' title='bbox 1144 2568 1245 2614; x_wconf 84' lang='lat' dir='ltr'>quod</span> <span class='ocrx_word' id='word_1_594' title='bbox 1268 2568 1318 2605; x_wconf 83' lang='lat' dir='ltr'>ibi</span> <span class='ocrx_word' id='word_1_595' title='bbox 1339 2572 1428 2604; x_wconf 86' lang='lat' dir='ltr'>sunt</span> <span class='ocrx_word' id='word_1_596' title='bbox 1444 2567 1656 2604; x_wconf 86' lang='lat' dir='ltr'>accidentia</span> <span class='ocrx_word' id='word_1_597' title='bbox 1673 2566 1718 2603; x_wconf 89' lang='lat' dir='ltr'>si-</span> 
     </span>
     <span class='ocr_line' id='line_1_107' title="bbox 940 2615 1716 2668; baseline 0 -18"><span class='ocrx_word' id='word_1_598' title='bbox 940 2625 987 2650; x_wconf 87' lang='lat' dir='ltr'>ne</span> <span class='ocrx_word' id='word_1_599' title='bbox 1012 2615 1198 2668; x_wconf 80' lang='lat' dir='ltr'>subjecto,</span> <span class='ocrx_word' id='word_1_600' title='bbox 1222 2615 1312 2662; x_wconf 82' lang='lat' dir='ltr'>quia</span> <span class='ocrx_word' id='word_1_601' title='bbox 1332 2616 1483 2652; x_wconf 86' lang='lat' dir='ltr'>enimin</span> <span class='ocrx_word' id='word_1_602' title='bbox 1506 2617 1623 2651; x_wconf 88' lang='lat' dir='ltr'>Deum</span> <span class='ocrx_word' id='word_1_603' title='bbox 1640 2626 1716 2651; x_wconf 90' lang='lat' dir='ltr'>non</span> 
     </span>
     <span class='ocr_line' id='line_1_108' title="bbox 940 2661 1714 2708; baseline 0.001 -11"><span class='ocrx_word' id='word_1_604' title='bbox 940 2661 1039 2697; x_wconf 87' lang='lat' dir='ltr'>cadit</span> <span class='ocrx_word' id='word_1_605' title='bbox 1059 2662 1247 2704; x_wconf 90' lang='lat' dir='ltr'>accidens</span> <span class='ocrx_word' id='word_1_606' title='bbox 1281 2663 1366 2700; x_wconf 91' lang='lat' dir='ltr'>ideo</span> <span class='ocrx_word' id='word_1_607' title='bbox 1393 2662 1604 2700; x_wconf 88' lang='lat' dir='ltr'>accidentia</span> <span class='ocrx_word' id='word_1_608' title='bbox 1630 2673 1714 2708; x_wconf 68' lang='lat' dir='ltr'>quae</span> 
     </span>
     <span class='ocr_line' id='line_1_109' title="bbox 938 2709 1719 2764; baseline 0 -19"><span class='ocrx_word' id='word_1_609' title='bbox 938 2709 1043 2756; x_wconf 89' lang='lat' dir='ltr'>prius</span> <span class='ocrx_word' id='word_1_610' title='bbox 1056 2715 1166 2746; x_wconf 86' lang='lat' dir='ltr'>erant</span> <span class='ocrx_word' id='word_1_611' title='bbox 1178 2710 1218 2747; x_wconf 89' lang='lat' dir='ltr'>in</span> <span class='ocrx_word' id='word_1_612' title='bbox 1234 2712 1419 2764; x_wconf 84' lang='lat' dir='ltr'>subJ&#39;ecto‚</span> <span class='ocrx_word' id='word_1_613' title='bbox 1438 2709 1582 2747; x_wconf 88' lang='lat' dir='ltr'>scilicet</span> <span class='ocrx_word' id='word_1_614' title='bbox 1601 2709 1641 2745; x_wconf 91' lang='lat' dir='ltr'>in</span> <span class='ocrx_word' id='word_1_615' title='bbox 1653 2720 1719 2756; x_wconf 90' lang='lat' dir='ltr'>pa-</span> 
     </span>
     <span class='ocr_line' id='line_1_110' title="bbox 937 2758 1718 2812; baseline 0 -20"><span class='ocrx_word' id='word_1_616' title='bbox 937 2768 998 2801; x_wconf 88' lang='lat' dir='ltr'>ne,</span> <span class='ocrx_word' id='word_1_617' title='bbox 1019 2761 1151 2803; x_wconf 87' lang='lat' dir='ltr'>postca</span> <span class='ocrx_word' id='word_1_618' title='bbox 1170 2762 1257 2795; x_wconf 89' lang='lat' dir='ltr'>sunt</span> <span class='ocrx_word' id='word_1_619' title='bbox 1268 2758 1349 2795; x_wconf 86' lang='lat' dir='ltr'>sine</span> <span class='ocrx_word' id='word_1_620' title='bbox 1359 2759 1550 2812; x_wconf 38' lang='lat' dir='ltr'>‚subjecto</span> <span class='ocrx_word' id='word_1_621' title='bbox 1575 2778 1618 2783; x_wconf 77' lang='lat'>-</span> <span class='ocrx_word' id='word_1_622' title='bbox 1631 2758 1718 2793; x_wconf 88' lang='lat' dir='ltr'>Ter-</span> 
     </span>
    </p>
   </div>
   <div class='ocr_carea' id='block_1_4' title="bbox 901 2803 1715 2854">
    <p class='ocr_par' dir='ltr' id='par_1_12' title="bbox 901 2803 1715 2854">
     <span class='ocr_line' id='line_1_111' title="bbox 901 2803 1715 2854; baseline 0.004 -14"><span class='ocrx_word' id='word_1_623' title='bbox 901 2830 905 2854; x_wconf 55' lang='lat'><em>3</em></span> <span class='ocrx_word' id='word_1_624' title='bbox 937 2803 1030 2842; x_wconf 87' lang='lat' dir='ltr'>tium</span> <span class='ocrx_word' id='word_1_625' title='bbox 1054 2808 1124 2851; x_wconf 88' lang='lat' dir='ltr'>est,</span> <span class='ocrx_word' id='word_1_626' title='bbox 1153 2806 1253 2853; x_wconf 88' lang='lat' dir='ltr'>quod</span> <span class='ocrx_word' id='word_1_627' title='bbox 1280 2806 1387 2853; x_wconf 82' lang='lat' dir='ltr'>panis</span> <span class='ocrx_word' id='word_1_628' title='bbox 1408 2805 1460 2843; x_wconf 84' lang='lat' dir='ltr'>ita</span> <span class='ocrx_word' id='word_1_629' title='bbox 1481 2803 1715 2843; x_wconf 67' lang='lat' dir='ltr'>convertitur</span> 
     </span>
    </p>
   </div>
  </div>
 </body>
</html>
