1907 3139
385 118 437 152 DE
476 117 742 153 GARITATIVA
780 119 1090 156 CORRECTIONE
1128 121 1417 163 PRODITORIS,
1456 120 1543 156 Ere.
1716 120 1781 156 343

144 196 256 234 posse
267 186 483 241 quiescere3
498 187 564 223 sed
581 187 738 234 implere
753 200 828 225 non
842 193 920 236 pot-

143 237 239 279 erat,
264 234 337 270 nisi
363 234 442 280 ipse
466 216 648 271 Dominus
668 246 736 282 pei
741 236 917 274 mitteret

142 262 239 318 Dicit
259 282 451 318 etiamhoc
463 282 656 328 Dominus,
674 294 818 319 crimen
830 295 917 330 pro

141 329 296 366 ditionis
333 330 610 376 exprobrando,
642 334 682 367 ut
702 332 856 367 ostend‹
862 336 918 369 ret

142 378 256 423 quod,
277 377 366 413 dum
396 377 475 431 ipse
502 378 546 414 be
553 378 688 414 nelicia
716 380 917 425 6οιιῖιιι6ῐ,

141 424 204 460 ille
226 428 387 461 mortem
408 425 627 462 intentaiet.
652 425 774 462 Dicit
765 438 921 473 insuper

141 472 228 516 hoc,
246 472 294 508 ad
309 483 402 519 opus
420 476 559 508 nostrae
572 473 766 527 redempti
762 474 840 509 ›nis
852 486 919 511 an-

142 520 328 563 heland›;
351 531 426 556 non
448 521 582 556 tamin
603 521 732 567 pei-ni<
738 521 810 558 iem
834 533 918 568 per-

142 566 208 603 fidi
229 567 435 611 saeviendo,
455 579 569 614 quam
584 569 631 604 ad
650 569 807 605 salutem
827 570 917 606 lide-

142 614 234 651 lium
257 597 484 652 festinando.
511 617 597 653 Cum
624 628 706 660 erqo
723 620 921 662 accepisset

142 663 220 707 ille,
238 663 378 699 scilicet
394 665 510 699 Judas
529 664 724 700 buccellam
739 665 785 700 de
806 675 918 701 manu

142 710 307 755 Domini,
333 712 449 746 eaeivz't
487 714 669 753 continuo,
702 712 842 748 seilicet
874 713 919 748 ad

144 759 392 803 quaerendum
414 759 606 795 eohortem
627 770 710 803 quae
733 759 921 796 Christum

143 808 306 851 caperet.
340 807 379 841 ln
420 816 492 852 quo
529 805 788 851 significatur,
822 808 921 853 quod

143 853 318 888 sacerdos
343 864 499 889 sumens
529 854 670 899 Corpus
698 854 834 890 Christi
854 854 921 889 in-

142 899 270 945 digne,
294 900 416 947 magis
437 901 637 947 elongatur
668 912 690 937 a
717 903 806 943 Deo,
833 901 922 948 quia

143 947 244 984 enirn
267 948 365 984 bono
390 949 488 984 male
511 959 599 984 usus
621 951 691 993 est,
714 950 794 984 haec
815 960 922 995 prae-

144 997 307 1042 sumptio
335 999 531 1042 peccatum
549 995 664 1039 auxit,
688 1000 727 1031 ut
747 997 921 1041 ingratus

145 1042 337 1079 beneficiis
358 1043 523 1087 Domini,
545 1043 712 1089 apertius
734 1045 780 1080 ab
797 1055 840 1080 eo
859 1055 922 1080 re-

143 1091 309 1128 cederet.
338 1093 431 1127 Erat
458 1094 578 1127 autem
602 1103 704 1134 ποίης
731 1092 831 1137 quod
858 1103 920 1128 ex-

143 1138 278 1185 pressit
296 1138 547 1185 Evangelista,
564 1141 602 1174 ut
628 1140 845 1175 ostenderet
861 1151 923 1185 op-

144 1186 416 1233 portunitatem
450 1186 632 1233 temporis
657 1187 703 1223 ad
736 1197 921 1233 peragen-

144 1235 232 1270 dum
252 1234 523 1280 proditionem,
546 1245 616 1270 nec
638 1245 712 1270 non
740 1237 781 1270 ut
802 1235 921 1270 deno-

146 1281 299 1318 taretin
316 1281 414 1318 Juda
436 1282 571 1317 mentis
592 1281 920 1318 tenebrositatem.

146 1329 251 1365 Unde
267 1329 442 1375 congruit
460 1331 528 1365 hoc
549 1330 645 1365 bene
661 1333 920 1366 sacramento:

145 1380 228 1413 erat
254 1377 354 1413 enim
376 1378 439 1422 qui
469 1376 557 1412 exiit
579 1376 678 1412 tilius
707 1377 841 1421 noctis,
867 1378 922 1413 sa-

145 1424 247 1461 ciens
267 1435 384 1471 opera
413 1426 678 1468 tenebrarum3
706 1424 859 1470 ibatque
883 1424 922 1460 in

145 1475 294 1508 noctem
312 1483 377 1508 seu
395 1473 572 1507 tenebras
591 1475 627 1507 et
643 1475 816 1507 mortem.
830 1472 923 1515 Quia

145 1530 234 1565 ergo
251 1520 368 1556 Judas
389 1530 432 1555 ex
448 1520 633 1555 bonorum
653 1518 831 1555 societate
847 1530 923 1555 non

143 1566 317 1615 profecit
342 1568 389 1603 ob
409 1567 480 1603 hoc
502 1565 637 1612 majori
658 1577 773 1619 poena
786 1566 923 1613 dignus

144 1616 226 1668 fuit.
250 1615 355 1651 Unde
377 1615 680 1658 chrysostomus.-
703 1627 720 1647 «
738 1594 847 1650 Sicut
860 1615 923 1651 bo-

144 1662 184 1699 ni
210 1667 247 1698 et
271 1661 430 1715 perfecti
454 1661 594 1706 duplici
615 1664 700 1697 sunt
720 1661 826 1708 digni
849 1663 924 1698 ho—

145 1721 252 1754 nore,
273 1709 452 1755 quoniam
480 1713 517 1745 et
538 1707 650 1752 benig,
644 1709 693 1744 [ιί
714 1713 801 1745 sunt
820 1709 923 1754 facti,

144 1760 182 1794 et
200 1738 293 1793 ni'hil
314 1768 335 1792 a
352 1756 461 1792 malis
479 1758 706 1792 nocumenti
711 1760 923 1800 senserunt;

147 1805 201 1841 sic
221 1808 259 1841 et
285 1804 373 1840 mali
396 1803 537 1850 duplici
560 1807 650 1839 sunt
674 1803 776 1850 digni
797 1815 924 1850 poena,

147 1855 184 1889 et
205 1852 288 1898 quia
314 1851 402 1888 mali
430 1851 517 1888 sacti
540 1854 639 1895 sunt,
662 1862 745 1887 cum
772 1855 927 1897 possent

148 1900 247 1936 effici
268 1901 374 1945 boni,
395 1899 496 1945 quod
527 1899 732 1935 ostendunt
753 1900 816 1944 qui
839 1899 926 1935 sacti

148 1951 239 1984 sunt
258 1947 365 1992 boni,
387 1951 425 1983 et
447 1946 536 1993 quia
572 1945 665 1981 nihil
683 1957 705 1982 a
725 1945 834 1982 bonis
861 1947 927 1983 lu-

149 1996 241 2032 crati
263 1997 350 2031 sunt
372 2005 380 2030 ε
404 2008 417 2026 »
441 1995 521 2030 haec
543 1995 830 2038 chrysostomus.

201 2058 241 2079 10
262 2044 353 2086 Qun)
390 2053 516 2078 smNAT
544 2053 738 2077 5ΕΡΑιιΑτιο
758 2043 859 2078 JUDAE
883 2053 927 2078 AB

150 2102 242 2127 ALus
264 2101 459 2126 mscxpums
473 2090 491 2125 ?
511 2110 552 2114 —-
574 2091 659 2126 Cum
674 2100 757 2133 erqo
776 2091 928 2125 emisset

148 2139 281 2181 Judas,
299 2138 346 2174 ad
367 2136 643 2182 procurandum
666 2136 805 2173 Christi
829 2148 927 2173 mor-

152 2191 241 2229 tem,
258 2185 544 2222 remanentibus
559 2183 642 2220 aliis
659 2183 852 2230 discipulis
867 2185 927 2219 di-

150 2235 209 2270 mit
221 2235 324 2269 Jesus
342 2245 352 2268 ε
368 2234 472 2270 Nunc
489 2233 715 2275 clarificatus
735 2236 786 2267 est
811 2233 929 2268 Filius

152 2283 324 2322 hominis,
347 2280 385 2316 id
406 2283 474 2323 est,
496 2282 616 2323 eiecto
631 2279 849 2323 tenebroso,
870 2290 928 2316 re-

152 2330 374 2365 manserunt
393 2327 461 2364 soli
480 2326 622 2370 mundi,
640 2337 726 2380 cum
742 2337 809 2362 suo
825 2337 929 2363 mun-

154 2377 300 2413 datore.
320 2377 440 2419 Nunc,
458 2374 594 2421 inquit,
608 2373 696 2420 quia
713 2374 837 2427 caligo
861 2385 930 2410 no-

154 2423 224 2460 ctis
246 2426 284 2461 et
304 2424 552 2460 tenebrarum
587 2420 740 2458 recessit
765 2432 788 2459 a
809 2421 931 2458 disci—

996 190 1095 238 pulis
1117 190 1226 235 meis,
1248 202 1347 226 nunc
1367 192 1489 227 Filius
1515 192 1672 227 hominis
1691 192 1769 228 cla-

993 240 1158 284 riftcatus
1178 242 1231 274 est
1250 238 1289 274 in
1303 237 1376 282 eis3
1398 249 1501 274 nunc
1523 239 1616 275 nihil
1637 238 1767 285 caligi-

994 287 1053 322 nis
1065 289 1102 322 et
1118 287 1364 322 tenebrarum
1382 285 1521 321 sentit
1513 298 1551 322 ιιι
1571 286 1676 333 ipsis.
1691 288 1767 323 Un-

996 335 1041 370 de
1053 334 1266 370 Anselmus:
1285 347 1303 365 «
1321 334 1395 368 Hoc
1410 344 1589 385 quoque‹
1595 337 1649 370 rat
1664 344 1768 371 man-

994 380 1205 418 suetudinis
1229 385 1316 424 tuae,
1340 379 1496 416 Domine
1531 382 1590 416 Je
1576 393 1630 425 u,
1667 380 1769 427 quod
1791 383 1795 386 ’

996 429 1181 473 perfidum
1214 427 1318 464 illum
1347 429 1384 462 in
1405 431 1501 463 coetu
1523 428 1680 464 sritrum
1702 439 1769 474 pa-

995 476 1070 512 1·ιιιι
1088 477 1279 522 detegere,
1290 478 1325 510 ‹t
1345 475 1577 511 confundere
1596 475 1769 511 noluisti·
1761 504 1770 520 ,

995 524 1060 560 sed
1093 524 1226 560 leviter
1267 521 1519 567 admonitum,
1558 523 1773 559 accelerare

993 571 1137 618 jussisti
1155 571 1253 617 quod
1277 572 1445 616 patabat.
1464 571 1504 605 In
1524 571 1699 606 omnibus
1717 570 1773 606 his

1000 630 1074 655 non
1099 624 1154 655 est
1178 629 1331 655 aversus
1358 617 1462 653 furor
1483 617 1564 662 ejus
1588 617 1775 663 malignus

998 677 1019 702 a
1035 669 1084 710 te,
1099 667 1165 702 sed
1185 676 1359 710 egressus
1377 665 1479 700 toras
1497 665 1693 709 satagebat
1708 664 1777 700 cir-

998 724 1041 749 ca
1060 714 1237 760 frequens
1270 711 1509 748 maleficium.
1538 691 1639 747 Tuom
1665 711 1776 747 clari-

997 761 1110 797 ficata
1137 765 1191 797 est
1208 760 1350 796 familia
1371 763 1448 802 tua,
1462 758 1623 803 Christe,
1642 758 1680 794 in
1700 769 1777 794 mo-

998 808 1087 844 dum
1109 808 1301 845 societatis
1322 787 1533 854 angelicae:
1557 820 1575 839 »
1600 807 1682 842 haec
1700 807 1776 842 Αη-

997 857 1144 892 selmus.
1173 858 1333 891 Possunt
1352 855 1466 890 etiam
1486 855 1547 890 hic
1574 865 1636 891 res
1653 853 1777 897 signi-

998 904 1154 939 ficantes
1154 907 1359 957 tamquam
1375 902 1449 938 illae
1465 912 1547 947 quae
1562 898 1779 949 significan-

998 955 1059 987 tur
1085 950 1221 997 accipi
1249 953 1367 993 Nunc,
1390 948 1527 1003 inquit,
1555 951 1780 995 clarificatus

998 1002 1050 1034 est
1087 1000 1206 1034 Filius
1240 999 1412 1040 hominis,
1436 996 1475 1032 in
1503 1007 1557 1041 56,
1584 996 1625 1033 in
1651 1007 1778 1042 causa,

999 1057 1076 1081 non
1097 1045 1134 1081 in
1162 1046 1323 1089 effectu;
1345 1044 1434 1090 quia
1467 1045 1579 1080 modo
1603 1044 1781 1080 inchoata

999 1098 1056 1129 est
1080 1092 1232 1129 traditio
1267 1091 1472 1135 Passionis,
1503 1092 1611 1138 cujus
1642 1091 1778 1127 merito

1000 1152 1042 1177 ex
1062 1151 1228 1194 congruo
1252 1140 1364 1176 datur
1390 1139 1424 1175 ei
1449 1139 1599 1175 claritas
1632 1140 1779 1175 Resur-

999 1188 1177 1224 rectionis
1197 1191 1235 1224 et
1257 1186 1520 1230 Ascensionis;
1545 1186 1721 1223 similiter
1742 1187 1780 1222 in

999 1246 1158 1282 corpore
1175 1236 1338 1288 'mystico
1361 1237 1418 1270 est
1429 1215 1672 1277 clarificatus,
1687 1234 1779 1280 quia

998 1284 1105 1319 Judae
1126 1282 1246 1319 exitus
1270 1282 1457 1318 malorum
1481 1292 1503 1318 a
1523 1281 1633 1318 honis
1654 1281 1780 1327 signat

1000 1329 1318 1377 segregationem.
1344 1332 1392 1365 Et
1422 1332 1517 1365 Deus
1553 1330 1780 1382 clarificatus

999 1382 1051 1414 est
1074 1380 1113 1413 in
1140 1389 1191 1416 eo
1220 1377 1310 1423 quia
1334 1376 1477 1412 scilicet
1505 1387 1581 1413 non
1609 1375 1781 1422 quaesivit

999 1425 1073 1461 nisi
1106 1424 1267 1472 gloriam
1296 1424 1430 1460 Patris.
1452 1425 1530 1460 Hoc
1563 1435 1654 1470 ergo
1682 1424 1779 1460 sacto

1001 1452 1252 1519 separationis
1268 1474 1287 1508 J
1293 1472 1375 1508 udae
1396 1483 1417 1507 a
1437 1471 1619 1507 societate
1640 1470 1781 1507 Christi

1001 1524 1038 1556 et
1063 1521 1343 1565 Apostolorum,
1366 1519 1612 1565 praefigurata
1632 1518 1705 1555 fuit
1726 1529 1781 1554 re-

1001 1569 1210 1620 proborum
1229 1566 1420 1610 separatio
1443 1569 1616 1612 tempore
1630 1566 1782 1619 judicii,

1001 1626 1023 1651 a
1041 1614 1231 1650 consortio
1243 1613 1383 1649 Christi
1395 1616 1432 1649 et
1445 1614 1679 1657 electorum;
1697 1612 1785 1659 quia

1000 1665 1094 1698 tunc
1114 1661 1313 1708 apparebit
1330 1661 1452 1708 gloria
1473 1671 1610 1707 magna
1633 1661 1785 1705 Christi,

1002 1710 1251 1754 membraque
1290 1709 1540 1745 adhaerebunt
1579 1707 1709 1755 capiti,
1747 1710 1786 1744 et

1002 1757 1121 1810 paleae
1152 1757 1428 1792 amovebuntur
1450 1757 1738 1792 concremandae
1760 1754 1788 1791 i-

1003 1816 1067 1851 gni
1100 1803 1414 1849 inexstinguibili.
1440 1803 1547 1840 Unde
1569 1805 1623 1839 ait
1652 1803 1784 1847 Anqu-

1003 1854 1152 1888 stinus:
1179 1866 1195 1883 α
1222 1853 1389 1887 Exeunte
1416 1850 1630 1895 immundo,
1653 1860 1786 1887 omnes

1004 1899 1149 1941 mundi,
1169 1909 1252 1934 cum
1273 1909 1341 1934 sno
1368 1897 1606 1943 mundatore,
1628 1908 1786 1951 manse—

1004 1952 1104 1983 runt.
1125 1946 1213 1982 Tale
1235 1945 1378 1991 aliquid
1399 1945 1472 1981 erit
1490 1956 1574 1981 cum
1597 1944 1749 1981 zizaniis
1767 1955 1791 1982 a

1004 1993 1129 2030 tritico
1149 1993 1345 2040 separatis,
1362 1994 1460 2038 ¹justi
1477 1994 1674 2037 fulyebunt
1691 1994 1789 2028 siout

1004 2044 1058 2078 sol
1069 2044 1109 2077 in
1118 2051 1229 2086 reqno
1244 2043 1332 2076 Pati
1334 2042 1365 2075 is
1381 2051 1513 2076 eorum.
1530 2042 1608 2076 Hoc
1622 2040 1789 2076 futurum

1004 2089 1218 2136 praevidens
1244 2087 1441 2141 Dominus,
1472 2087 1689 2124 discedente
1716 2089 1790 2125 Ju-

1006 2137 1053 2173 da
1059 2140 1271 2182 ‚tamquam
1287 2134 1440 2171 zizaniis
1455 2135 1654 2188 separatis,
1669 2145 1791 2171 rema-

1005 2185 1182 2221 uentibus
1213 2187 1410 2230 tamquam
1445 2182 1570 2219 tritico
1601 2183 1791 2229 Apostolis

1007 2230 1176 2268 sanctis·
1168 2259 1176 2267 .
1196 2233 1315 2275 Nunc,
1335 2230 1472 2276 inquit,
1494 2231 1719 2276 clarificatus
1740 2232 1792 2266 est

1006 2281 1123 2316 Filius
1139 2280 1309 2314 hominis.
1323 2280 1532 2324 Tamquam
1550 2278 1710 2314 diceret:
1728 2279 1793 2314 Ee-

1008 2338 1050 2363 ce
1067 2326 1105 2362 in
1122 2326 1187 2363 illa
1208 2337 1292 2362 mea
1307 2324 1578 2362 clarificatione
1596 2325 1688 2372 quid
1704 2324 1790 2370 erit,

1009 2375 1269 2411 ubimalorum
1283 2373 1410 2410 nullus
1421 2372 1508 2418 erit,
1523 2373 1587 2409 ubi
1604 2374 1792 2409 bonorum

1010 2422 1137 2459 nullus
1161 2420 1330 2469 peribit:
1356 2435 1371 2455 ιι
1395 2421 1477 2457 haec
1495 2420 1744 2466 Auqusttnus.

881 2530 1054 2567 ORATIO

205 2624 361 2662 Domine
395 2628 481 2662 Jesu
512 2624 672 2670 Christe,
694 2628 821 2672 pastor
855 2625 968 2669 bone,
989 2625 1053 2672 qui
1072 2625 1295 2672 discipulum
1315 2629 1422 2663 tuum
1449 2636 1471 2663 a
1492 2625 1571 2679 suis
1596 2623 1793 2661 erroribus

156 2673 204 2710 ad
221 2672 483 2727 poenitentiam
504 2674 631 2710 multis
652 2673 773 2709 modis
802 2682 981 2709 revocare
1002 2673 1165 2715 voluisti,
1187 2684 1325 2710 revoca
1346 2684 1405 2710 me
1426 2675 1472 2710 ab
1494 2671 1604 2709 inviis
1625 2674 1663 2708 et
1686 2681 1793 2708 erro-

159 2720 265 2757 ribus
284 2731 378 2756 meis
398 2721 596 2758 universis.
615 2723 669 2757 Da
689 2719 794 2765 mihi,
814 2719 985 2756 Salvator
1005 2731 1125 2765 meus,
1146 2724 1371 2767 potestatem
1385 2724 1423 2757 et
1437 2719 1696 2757 fortitudinem
1716 2719 1796 2755 vin-

163 2767 271 2806 cendi
290 2767 483 2806 diabolum
502 2769 678 2806 continue
699 2767 931 2814 tigilantem,
956 2769 993 2805 et
1013 2772 1145 2805 contra
1161 2779 1222 2806 me
1245 2768 1504 2812 dimicantem,
1517 2777 1562 2804 ne
1583 2777 1643 2803 me
1662 2766 1796 2803 fraude
