1907 3139
86 165 150 199 364
543 168 748 203 SECUNDAE
788 170 941 204 PARTIS
979 168 1115 202 CAPUT
1153 169 1250 202 LVII

90 235 191 288 dite..
220 237 390 274 Christus
425 240 536 276 ‚Iesus
574 240 685 282 dicit3
727 239 867 284 audite,

92 283 245 335 credite,
267 290 427 331 sperate,
448 287 683 323 considerate
704 287 801 332 quod
819 286 871 321 di-

95 333 144 365 cit
164 343 170 366 :
191 333 312 376 Pater,
332 332 466 379 inquit,
488 346 578 380 quos
600 335 736 370 dedisti
762 335 868 377 mihi,

93 378 172 413 volo
191 382 232 413 ut
259 381 323 415 ubi
355 392 417 424 090
450 392 542 421 sum.
568 386 600 417 et
620 383 679 417 illi
706 383 779 416 sint
797 391 868 415 me-

93 435 185 460 cum.
217 426 283 469 Qui
317 434 403 463 sunt
427 428 484 464 isti
516 440 608 474 quos
638 428 687 464 ait
716 438 737 463 a
761 429 871 463 Patre

93 471 202 508 datos
225 473 324 510 sibi?
346 477 474 511 Nonne
494 475 548 511 illi
569 476 615 511 de
636 474 771 520 quibus
795 475 868 509 alio

94 518 132 554 in
159 519 241 556 loco
273 522 362 557 dicit
382 534 390 558 :
411 525 520 560 Nemo
547 526 662 568 potest
682 524 803 556 venire
823 521 871 556 ad

93 576 149 602 me
167 569 242 602 nisi
261 570 381 613 Pater,
403 572 467 615 qui
492 572 594 605 misit
612 579 666 604 me
682 596 690 612 ,
714 570 871 603 traaeerit

95 623 174 649 eum
187 617 205 650 Σ)
225 629 241 648 »
261 617 304 651 Et
324 616 459 653 iterum
476 627 484 651 t
503 631 517 648 «
540 617 775 661 Quapropter
793 625 869 651 om-

94 661 204 697 nibus
246 664 424 699 membris
462 662 538 698 suis
580 662 764 709 promittit
800 663 871 697 hoc

94 709 306 753 praemium,
328 714 365 746 ut
388 710 448 747 ubi
467 714 523 745 est
541 709 619 755 ipse
638 713 675 745 et
698 720 766 745 nos
787 719 871 745 cum

95 754 158 790 illo
173 755 300 792 simus.
322 759 394 793 Nec
415 757 548 802 poterit
569 767 642 792 non
663 756 871 802 fieri‚quod

96 803 343 849 omnipotenti
365 804 461 840 Patri
479 815 518 839 se
534 804 627 839 velle
648 803 738 839 dixit
756 803 874 838 omni-

97 853 229 894 potens
245 851 356 886 Filius
375 863 383 888 :
404 865 421 885 ))
442 852 522 886 haec
544 852 783 895 Auqustinus.
802 851 872 885 Un—

98 896 143 932 de
159 900 195 932 et
212 899 405 934 Anselmus
425 911 434 933 :
457 911 474 931 «
495 900 596 934 Inter
615 899 803 939 haec,cum
822 896 875 932 di-

98 944 261 989 scipulos
304 945 559 981 sacratissima
594 944 657 981 illa
704 945 873 980 oratione

98 992 366 1028 commendans
389 1004 397 1028 :
426 995 546 1035 Pater,
576 991 723 1034 dixerit,
750 993 872 1035 Pater,

95 1048 198 1072 serva
229 1049 285 1074 eos
316 1042 355 1074 in
376 1042 519 1075 nomine
539 1042 613 1078 tuo.
644 1039 785 1074 inclina
805 1048 874 1073 ca-

101 1089 166 1130 put
192 1088 312 1126 tuum,
335 1090 373 1121 ut
397 1086 579 1122 merearis
599 1086 729 1121 audire
754 1097 762 1120 ς
788 1086 875 1121 Volo

98 1136 140 1166 ut
160 1132 223 1167 ubz
255 1144 316 1177 090
349 1145 428 1169 sum
461 1137 494 1168 et
519 1135 578 1168 illi
609 1135 683 1168 sint
720 1143 874 1174 mecum,-

100 1179 239 1214 bonum
272 1184 328 1216 est
353 1180 419 1217 tibi
450 1181 507 1215 hic
536 1191 629 1223 esse,
657 1180 721 1215 sed
745 1189 877 1215 exeun-

100 1226 189 1261 dum
211 1231 267 1262 est
289 1237 296 1261 :
322 1242 339 1261 »
362 1229 441 1263 haec
464 1229 669 1263 Anselmus.

155 1276 192 1308 18
214 1275 328 1311 Huius
355 1287 543 1311 onuioxis
567 1276 698 1310 DOMINI
719 1285 876 1310 nchnno

101 1332 142 1354 ET
172 1333 363 1358 nrmmcm.
391 1343 434 1348 —
461 1323 488 1358 O
522 1332 635 1367 quam
661 1321 878 1357 dulcissima

100 1369 276 1404 orationis
297 1371 423 1413 verba,
451 1370 661 1405 antidotum
690 1373 725 1404 et
748 1379 878 1404 reme—

100 1415 202 1450 dium
219 1418 264 1451 ad
286 1427 434 1453 omnem
454 1416 719 1452 adversitatem
742 1419 778 1452 et
799 1426 879 1461 pec-

101 1466 226 1498 catum
249 1475 257 1505 ;
295 1465 400 1510 cujus
436 1463 663 1499 dulcissime
700 1462 880 1498 orationis

98 1509 324 1556 principium
345 1515 380 1547 et
403 1511 486 1546 finis
506 1511 545 1546 in
566 1521 657 1557 pace
677 1515 713 1546 et
733 1509 877 1545 dilecti-

104 1567 175 1592 one
199 1557 380 1601 consistit,
403 1559 448 1593 ad
472 1568 583 1602 quam
612 1559 812 1603 praecipue,
841 1559 880 1592 ut

102 1603 241 1639 dictum
263 1610 332 1648 est,
350 1605 467 1641 tendit
487 1605 493 1640 l
518 1607 561 1640 Et
583 1604 698 1639 multa
718 1603 791 1639 alia
812 1605 880 1638 Do-

104 1650 227 1686 minus
256 1654 365 1688 Jesus
395 1651 584 1698 discipulis
611 1651 772 1689 dicebat.
796 1661 879 1696 quae

104 1708 190 1733 vere
212 1701 326 1734 corda
347 1700 480 1734 devota
501 1699 738 1734 scindebant.
763 1698 798 1733 Si
818 1708 877 1732 er-

102 1744 203 1790 goin
224 1756 397 1781 sermone
412 1757 494 1791 quae
515 1745 614 1780 dicta
633 1749 718 1780 sunt
739 1748 879 1779 attente

105 1792 338 1836 discusseris,
367 1797 402 1828 et
433 1793 633 1836 diligenter
664 1791 879 1827 meditando

103 1839 365 1882 ruminaveris,
389 1840 424 1874 in
447 1850 578 1875 eorum
601 1838 798 1874 dulcedine
821 1849 879 1872 re-

104 1886 319 1931 quiescens3
338 1887 469 1922 merito
487 1887 723 1922 inardescere
740 1885 880 1931 poteris

103 1933 150 1968 ad
182 1937 323 1970 tantam
358 1934 629 1978 dignationem,
668 1932 879 1977 benignita-

105 1984 193 2023 tem,
207 1981 494 2026 providentiam,
508 1980 754 2025 diligentiam,
771 1984 807 2015 et
825 1990 881 2014 ca-

106 2029 270 2072 ritatem,
298 2033 333 2064 et
367 2030 465 2064 circa
493 2028 567 2063 alia
589 2038 656 2073 per
682 2027 879 2062 Dominum

104 2075 172 2109 hoc
194 2086 277 2111 sero
296 2080 401 2121 gesta
432 2077 480 2111 Ex
498 2075 632 2121 quibus
650 2074 789 2120 potoris
809 2074 881 2108 col-

104 2121 218 2166 ligere
240 2122 456 2158 fasciculum
478 2126 607 2157 contra
628 2131 777 2157 omnem
800 2124 879 2155 ten-

106 2168 283 2204 tationem
321 2173 357 2204 et
394 2168 659 2205 adversitatem
683 2196 691 2213 ,
731 2168 880 2203 salubre

104 2217 370 2252 consolationis
391 2215 612 2252 remedium.

161 2278 198 2309 ¹9
223 2265 364 2299 ULTIMAE
399 2275 506 2298 COENAE
544 2274 798 2297 EXCELLENTlA.
838 2282 880 2288 —-

108 2310 207 2345 luter
221 2311 347 2346 omnia
368 2310 468 2346 enim
488 2310 709 2345 memoralia
726 2309 880 2353 Christi,

104 2356 294 2402 praecipua
330 2357 594 2393 recordatione
620 2362 767 2391 constat
799 2367 880 2392 esse

103 2402 365 2448 dignissimum
379 2405 489 2440 finale
504 2404 597 2439 illud
614 2403 880 2439 sacratissimae

103 2460 222 2486 coeuae
244 2451 471 2494 convivium,
495 2453 530 2486 in
556 2462 629 2496 quo
655 2461 730 2485 non
758 2450 879 2486 solum

105 2508 224 2543 agnus
246 2498 427 2543 paschalis
449 2497 671 2543 proponitur
691 2499 736 2532 ad
758 2498 880 2533 eden-—

109 2544 223 2588 dum3
249 2545 493 2580 verumetiam
506 2548 632 2590 Agnus
650 2544 879 2587 immolatus,

104 2591 167 2637 qui
188 2592 283 2627 tollit
308 2596 461 2637 peccata
484 2591 628 2635 muudi,
655 2592 722 2627 sub
757 2591 880 2637 specie

103 2638 210 2685 panis
233 2641 420 2684 praebetur
440 2638 478 2673 in
492 2638 628 2674 cibum.
650 2640 691 2673 In
705 2649 776 2683 quo
795 2638 879 2683 qui·

104 2688 188 2721 dem
210 2686 378 2721 convivio
404 2685 497 2722 mira
524 2685 681 2721 dulcedo
697 2685 880 2721 bonitatis

103 2733 239 2769 Christi
262 2732 418 2776 refulsit,
442 2732 591 2777 quando
613 2743 696 2767 cum
717 2743 878 2778 pauper-

106 2780 197 2818 culis
211 2780 285 2816 illis
298 2779 504 2828 discipulis,
518 2783 554 2815 et
565 2779 660 2816 Juda
671 2780 877 2827 proditore.

943 239 1076 274 eadem
1108 249 1240 274 mensa
1274 242 1312 276 et
1348 241 1504 278 scutella
1543 241 1716 278 coenavit.

943 285 1076 321 Mirum
1095 286 1228 322 claruit
1247 287 1471 324 humilitatis
1491 289 1716 335 exemplum,

944 333 1031 385 dum
1062 333 1176 379 pedes
1201 335 1430 379 piscatorum
1458 339 1495 371 et
1513 336 1718 382 proditoris

942 391 1011 422 sul,
1027 382 1099 415 Rex
1115 380 1243 425 gloriae
1262 382 1486 427 praecinctus
1507 383 1621 419 linteo
1642 388 1717 419 stu-

944 427 1156 462 diosissime
1179 427 1281 463 lavit.
1309 429 1401 464 Mira
1418 431 1536 475 patuit
1558 432 1718 466 muniti-

945 474 1077 510 centiae
1099 473 1214 520 ipsius
1232 474 1498 521 largitas,dum
1516 477 1717 513 sacerdoti-

943 522 1013 557 bus
1026 521 1100 556 illis
1117 521 1259 566 primis,
1276 525 1311 557 et
1324 533 1392 567 per
1408 534 1646 569 consequens
1664 527 1720 559 to-

944 568 970 603 ti
1007 567 1179 604 Ecclesiae
1206 571 1243 603 et
1266 569 1347 604 orbi
1369 574 1552 606 terrarum
1575 572 1718 616 Corpus

945 625 1055 651 suum
1088 614 1396 659 sacratissimum,
1425 620 1460 652 et
1487 617 1717 664 Sanguinem

944 673 1033 698 vere
1052 662 1091 697 in
1111 662 1233 698 cibum
1256 662 1359 698 dedit
1379 666 1415 698 et
1439 669 1582 709 potum.
1605 664 1720 700 Mirus

945 709 1097 745 tandem
1125 709 1276 744 emicuit
1297 709 1506 746 dilectionis
1534 722 1718 750 excessus,

947 756 1097 802 quando
1110 755 1147 791 in
1167 756 1241 792 fine
1257 756 1416 802 diligens
1431 768 1519 793 suos
1531 762 1606 793 tam
1620 757 1717 794 dulci

947 803 1204 839 exhortatione
1223 804 1447 840 confortavit
1465 804 1500 840 in
1520 807 1634 848 bono,
1653 806 1719 840 Pe-

948 856 1046 886 trum
1062 850 1274 896 specialiter
1285 861 1521 897 praemonens
1539 852 1585 887 ad
1606 852 1720 887 fidem

948 901 985 933 et
1004 898 1133 937 robur.
1158 901 1194 933 et
1213 897 1349 933 Joanni
1373 899 1568 935 conserens
1595 902 1722 944 pectus

949 945 996 980 ad
1018 944 1227 980 recubitum
1256 945 1402 981 dulcem
1434 949 1469 981 et
1507 957 1667 982 sacrum.
1691 946 1718 981 O

950 1002 1061 1037 quam
1082 990 1179 1027 mira
1202 996 1289 1027 sunt
1326 993 1405 1028 'naec
1427 993 1556 1029 omnia
1578 993 1722 1040 repleta

950 1038 1149 1074 dulcedine
1179 1039 1229 1074 illi
1250 1039 1441 1075 dumtaxat
1460 1040 1609 1083 animae,
1638 1051 1721 1086 quae

951 1086 997 1121 ad
1029 1091 1104 1121 tam
1138 1086 1284 1122 celebre
1322 1091 1453 1123 vocata
1493 1087 1720 1133 convivium,

951 1136 1054 1168 tanto
1074 1134 1208 1168 mentis
1229 1133 1345 1169 currit
1364 1135 1513 1178 ardore,
1544 1137 1583 1170 ut
1604 1134 1721 1180 possit

951 1180 1041 1215 illud
1063 1180 1320 1225 propheticum
1339 1185 1490 1217 cantare
1511 1193 1518 1217 :
1540 1181 1722 1225 Quemad-

951 1228 1096 1262 modum
1134 1228 1316 1263 desiderat
1355 1239 1479 1263 cert-us
1518 1229 1566 1263 ad
1605 1230 1724 1272 fontes

952 1285 1147 1320 aquarum,
1171 1277 1239 1309 etc.
1260 1275 1268 1310 ἱ
1290 1275 1470 1321 Conspice
1492 1286 1581 1319 ergo
1604 1275 1726 1311 Domi-

955 1332 1044 1357 num
1066 1322 1153 1357 dum
1185 1321 1362 1366 loquitur,
1389 1323 1576 1368 quomodo
1598 1322 1723 1358 effica-

953 1369 1058 1411 citer,
1072 1368 1203 1404 devote
1217 1373 1251 1404 et
1270 1369 1542 1405 delectabiliter
1553 1370 1725 1414 loquens,

954 1415 1135 1462 imprimit
1154 1415 1345 1461 discipulis
1373 1416 1449 1452 suis
1471 1427 1552 1462 quae
1573 1420 1723 1459 narrat3

955 1467 991 1498 et
1013 1463 1177 1508 pascaris
1202 1465 1238 1498 in
1260 1463 1477 1499 amoenitate
1496 1467 1667 1508 aspectus
1689 1466 1725 1498 et

955 1510 1155 1546 verborum
1169 1510 1260 1555 ejus.
1286 1512 1465 1556 Com-pure
1483 1514 1595 1546 etiam
1617 1509 1727 1545 disci-

954 1557 1077 1603 pulos,
1107 1557 1294 1602 quomodo
1328 1562 1414 1593 sunt
1443 1559 1579 1601 moesti,
1607 1557 1726 1602 lacry-

957 1608 1100 1640 mantes
1117 1609 1153 1639 et.
1165 1603 1323 1649 suspiria
1341 1605 1486 1640 dantes.
1506 1603 1606 1640 Pleni
1623 1603 1724 1640 enim

956 1655 1040 1687 sunt
1060 1650 1225 1695 tristitia,
1247 1654 1288 1686 ut
1309 1651 1354 1687 de
1376 1652 1444 1687 hoc
1471 1651 1552 1697 ipsa
1580 1651 1726 1687 Veritas

955 1697 1210 1733 testimouium
1239 1698 1323 1741 sert,
1352 1698 1479 1733 dicens
1507 1710 1515 1733 t
1541 1698 1612 1734 Sed
1639 1699 1728 1743 quia

957 1747 1040 1784 haec,
1063 1744 1203 1780 scilicet
1223 1745 1269 1780 de
1291 1756 1441 1781 recessu
1463 1756 1560 1789 meo,
1589 1746 1728 1780 locutus

956 1803 1035 1827 sum
1064 1792 1178 1834 vvobis,
1201 1794 1357 1827 tristitia
1390 1794 1557 1837 implevit
1583 1803 1642 1827 cor
1665 1802 1727 1826 ve-

956 1844 1084 1879 strum,
1104 1843 1140 1873 et
1160 1838 1295 1874 doletis
1310 1850 1368 1875 me
1390 1839 1523 1875 vestris
1544 1849 1728 1884 corpora-

957 1886 1055 1922 libus
1069 1885 1236 1921 subtrahi
1248 1887 1376 1922 oculis.
1389 1888 1490 1922 Inter
1499 1886 1592 1922 alios
1603 1889 1728 1921 autem

957 1932 1130 1979 conspice
1149 1934 1343 1972 Joannem.
1362 1933 1484 1969 eidem
1506 1932 1729 1969 familiarius

957 1982 1225 2021 cohserentem,
1249 1980 1411 2025 qualiter
1432 1984 1574 2016 attente
1593 1984 1629 2015 et
1648 1978 1731 2015 dili-

957 2031 1089 2073 genter
1114 2028 1212 2062 hunc
1246 2027 1423 2063 dilectum
1451 2038 1558 2063 suum
1582 2026 1726 2072 aspicit,

958 2079 993 2111 et
1013 2075 1183 2110 tenerius
1198 2074 1369 2110 anxiatus
1382 2076 1507 2110 omnia
1519 2075 1633 2110 verba
1647 2074 1729 2120 eJus

958 2120 1156 2167 recolligit.
1190 2123 1269 2167 lpse
1296 2122 1396 2157 enim
1419 2121 1654 2157 solummodo
1686 2131 1731 2156 ea

957 2168 1176 2204 describens
1191 2168 1348 2204 tradidit
1366 2168 1485 2205 nobis.
1506 2168 1731 2204 Benedictus

957 2216 1036 2262 ipse
1056 2217 1236 2259 JoanneS‚
1266 2216 1327 2261 qui
1353 2226 1467 2262 supra
1501 2213 1631 2261 pe'ctus
1658 2215 1729 2249 Do-

960 2262 1049 2298 mini
1075 2263 1296 2298 recumbens
1315 2264 1394 2298 haec
1415 2262 1570 2308 potavit,
1594 2262 1629 2296 et
1651 2270 1728 2296 me-

958 2309 1116 2345 moriter
1143 2313 1309 2345 retinens
1344 2309 1452 2345 nohis
1489 2319 1534 2345 ea
1566 2307 1729 2353 scripsit.

958 2357 1087 2392 Nullus
1105 2356 1157 2392 sic
1178 2356 1341 2392 fideliter
1362 2359 1398 2392 et
1414 2355 1651 2391 familiariter
1664 2356 1732 2390 Do-

958 2403 1059 2439 mino
1090 2404 1263 2446 adhaesit,
1287 2407 1326 2439 ut
1345 2405 1523 2439 Joannes.
1563 2404 1602 2437 In
1625 2411 1731 2437 coena

955 2452 1057 2496 juxta
1091 2461 1175 2486 eum
1213 2450 1323 2494 sedit,
1358 2450 1444 2485 licet
1482 2453 1579 2485 esset
1606 2449 1732 2494 iunior

957 2497 1116 2533 aliorum
1130 2509 1139 2541 ;
1155 2502 1192 2533 et
1208 2498 1359 2543 quando
1381 2500 1509 2542 captus
1531 2496 1613 2539 t'uit,
1631 2506 1732 2531 secu-

956 2549 1016 2580 tus
1035 2550 1087 2580 est
1108 2555 1193 2580 eum
1214 2547 1250 2579 in
1268 2544 1403 2580 atrium
1420 2543 1598 2590 principis
1611 2552 1732 2578 sacer-

958 2592 1106 2635 dotum;
1129 2596 1164 2626 et
1186 2602 1254 2627 nec
1279 2591 1318 2626 in
1340 2590 1580 2626 crucifixione
1600 2600 1670 2625 nec
1692 2588 1731 2624 in

959 2642 1174 2679 morte‚nec
1186 2642 1268 2684 post
1285 2641 1445 2673 mortem
1468 2648 1551 2674 eum
1573 2635 1730 2681 dimisit,

958 2696 1154 2731 quousque
1175 2685 1340 2731 sepultus
1358 2684 1440 2720 fuit.

1007 2746 1050 2767 20
1083 2733 1230 2768 ΘΒΜ-115
1267 2743 1353 2767 ros‘r
1388 2743 1514 2767 COENAM
1554 2741 1730 2774 nnnm‘ris,

959 2790 1156 2817 neanniwn
1171 2781 1346 2815 Domum.
1368 2800 1413 2804 —
1428 2780 1486 2824 Et,
1504 2778 1591 2826 quia
1610 2778 1731 2813 Domi-
