1907 3139
152 156 212 190 306
583 153 788 188 SECUNDAE

154 223 255 267 tifex,
274 224 311 259 et
336 221 456 264 miles,
479 224 515 259 et
542 221 720 267 agricola,
747 223 784 256 et
805 229 920 264 nego-

151 270 265 306 tiator
291 269 340 306 ad
361 270 398 307 id
423 269 523 315 quod
548 267 795 305 communiter
816 276 923 311 expe-

148 317 213 354 diti
237 320 334 362 sunt,
351 320 389 354 et
405 317 454 353 ad
468 316 569 362 quod
582 315 750 362 proximo
765 313 920 359 prodest

145 364 349 401 conficiunt
365 363 558 407 universi;
592 362 707 398 multo
734 361 853 407 magis
883 361 921 396 in

146 411 402 458 spiritualibus
424 411 497 446 hoc
524 412 670 456 oportet
695 407 922 460 facer-euhoe

148 458 248 496 enim
268 458 429 495 maxime
450 461 508 494 est
526 459 663 493 vivere.
687 456 754 498 Qul
776 455 923 500 sibnpffl

147 505 237 542 vivit
259 506 395 549 solum,
433 508 470 542 et
507 514 638 541 omnes
665 501 835 548 despicit,
858 512 923 537 su-

149 554 317 600 perfluus
337 555 407 597 est,
432 554 468 588 et
499 561 622 596 neque
642 550 770 593 homo,
799 558 922 594 neque

150 599 299 647 generis
319 599 440 636 nostri
463 610 471 635 :
495 612 512 632 n
535 599 615 633 haec
635 598 919 641 Chrysostomus.

201 662 237 684 ll
288 647 429 690 QUINAM
463 656 570 681 wrm
605 654 820 680 RELIGIOSAM
856 654 921 678 An-

149 705 270 730 pmcn
308 704 444 730 DEBENT
461 693 478 728 ‘?
498 713 543 720 -ω
563 693 614 727 Ex
653 690 841 736 praedictis
872 689 924 725 vi-

149 741 272 786 detur,
296 742 394 787 quod
413 739 549 784 aliquis
569 738 690 775 fidelis
712 738 749 774 in
768 737 922 773 caritate

148 799 320 832 manens,
355 787 417 834 qui
451 788 594 832 absque
640 796 706 822 suo
747 784 923 836 scandalo

150 835 254 871 utilis
283 838 352 880 est,
379 834 437 870 vel
476 844 558 869 esse
595 835 719 879 potest
744 831 923 878 proximis

149 882 273 926 quoad
288 884 403 920 vitam
418 884 613 923 aeteruam,
634 885 765 926 peccat
784 882 923 915 morta-

148 929 246 972 liter,
273 928 302 964 si
336 940 376 965 se
397 928 576 964 transfert
595 927 643 963 ad
664 936 845 969 eremum,
867 925 924 961 vel

150 978 439 1018 monasterium,
461 973 527 1010 ubi
558 974 651 1010 alios
672 984 747 1009 non
774 971 926 1008 instruit

146 1024 261 1059 verbo
285 1022 343 1058 vel
365 1021 548 1066 exemplo,
570 1031 640 1056 nec
657 1030 785 1056 curam
812 1029 926 1065 quam

146 1072 275 1117 posset
295 1073 331 1105 et
349 1069 459 1104 debet
476 1067 574 1103 circa
596 1067 800 1113 proximos,
815 1065 924 1111 gerit,

150 1116 239 1163 quia
268 1115 321 1152 ita
342 1114 540 1151 abscondit
560 1115 758 1158 talentum,
794 1117 831 1149 et
870 1116 932 1150 est?

149 1174 278 1200 servus
303 1162 439 1209 piger3
467 1163 513 1198 de
539 1161 702 1197 infirmis
729 1159 829 1197 enim
850 1171 926 1195 non

148 1210 351 1257 loquimur,
374 1210 436 1255 qui
466 1210 511 1245 de
537 1208 637 1244 facili
674 1207 927 1245 scandalizan-

149 1261 224 1300 tur,
247 1257 337 1304 quia
359 1257 414 1293 eis
435 1258 491 1293 est
517 1259 640 1292 tutum
661 1255 791 1301 sugere
829 1265 926 1290 con-

149 1304 309 1341 sortium
329 1314 529 1351 pravorum
544 1307 579 1339 et
597 1303 752 1349 laqueos
771 1300 923 1340 diaboli.

151 1352 224 1389 Sed
243 1363 263 1388 e
283 1356 412 1387 contra
439 1350 600 1394 videtur,
628 1350 717 1395 quia
748 1348 928 1395 praevalet

150 1399 282 1436 activae
295 1397 608 1444 contemplativa;
628 1396 811 1434 Dominus
826 1395 926 1432 enim

150 1446 241 1482 dicit
258 1446 413 1482 Marthae
429 1457 437 1481 :
457 1447 579 1481 Maria
597 1446 771 1490 optimam
785 1446 926 1489 partem

150 1495 270 1538 elegit,
299 1504 377 1538 quae
411 1503 482 1528 non
519 1493 705 1535 auferetur
740 1492 785 1526 ab
806 1501 865 1533 ea;
890 1492 927 1524 et

149 1539 439 1586 Hieronymusin
456 1538 626 1585 pluribus
643 1537 734 1574 locis
753 1537 926 1583 epistola-

150 1598 235 1623 rum
251 1597 405 1623 suarum
424 1596 543 1631 usque
560 1586 654 1622 adeo
670 1584 822 1631 praefert
836 1583 925 1621 acti-

148 1645 203 1670 vae
231 1632 573 1679 contemplativam,
600 1636 640 1669 ut
659 1631 759 1668 viros
777 1629 925 1675 religio-

149 1693 224 1725 sos,
237 1685 274 1717 et
292 1681 417 1716 multis
429 1680 538 1720 utiles
555 1682 661 1715 v-ocet
677 1679 724 1715 ad
739 1688 922 1721 eremum,

149 1729 256 1775 quasi
278 1727 369 1764 nihil
397 1726 486 1763 boni
508 1726 547 1762 in
582 1726 723 1762 mundo
750 1728 921 1770 agerent,

148 1776 277 1812 habito
304 1777 477 1820 respectu
497 1774 545 1809 ad
576 1773 691 1809 vitam
718 1772 923 1808 monacho-

148 1834 234 1860 rum
254 1826 291 1860 et
309 1823 636 1859 anachoretarum.
673 1822 716 1857 In
742 1819 799 1856 his
831 1829 921 1865 ergo

862 152 1019 186 PARTIS
1059 152 1194 186 cAl’UT
1232 152 1344 185 XLIX

994 218 1143 255 videtur
1163 219 1431 265 necessarium,
1447 224 1488 256 ut
1505 219 1665 265 quisque
1678 218 1776 255 vires

994 276 1079 302 suas
1099 266 1323 311 consideret,
1340 270 1377 302 et
1397 267 1444 303 ad
1463 266 1562 313 quod
1581 277 1677 313 opus
1693 266 1775 312 ipse

994 312 1042 348 sit
1062 313 1184 360 aptior
1202 317 1357 360 penset:
1378 313 1523 352 sienim
1543 313 1590 350 ad
1612 316 1776 350 contem-

993 360 1173 406 plativam
1194 361 1371 405 habilior,
1390 364 1426 397 et
1446 362 1493 398 ad
1517 361 1702 397 orandum
1714 361 1777 397 de-

995 407 1129 452 votior,
1154 411 1233 445 tute
1254 419 1294 444 se
1314 408 1517 445 transferat
1538 408 1585 444 ad
1604 418 1775 449 erenum,

995 459 1168 493 oraturus
1191 465 1259 501 pro
1285 466 1325 491 se
1345 458 1385 491 et
1418 455 1516 499 aliis,
1549 458 1585 491 et
1605 455 1657 491 ita
1695 455 1777 501 plus

994 501 1161 548 proderit
1171 502 1225 537 eis
1236 501 1274 538 in
1289 512 1420 538 eremo
1432 513 1500 548 pro
1512 502 1602 548 ipsis
1616 502 1777 546 orando,

995 559 1109 594 quam
1129 548 1168 584 in
1190 549 1331 584 mundo
1357 548 1412 584 eis
1433 549 1691 596 praedicando,
1708 559 1778 585 nec

995 595 1192 632 abscondit
1226 595 1427 642 pecuniam
1463 595 1611 633 Domini
1647 595 1705 632 sui
1738 595 1776 633 in

995 645 1109 687 terra,
1132 641 1253 679 sedin
1276 642 1451 683 Domino,
1479 642 1567 678 licet
1585 653 1662 679 non
1683 653 1777 689 prae-

995 690 1108 733 dicet,
1137 689 1225 735 quia
1246 689 1390 726 talenta
1411 689 1594 727 orationis
1614 692 1648 726 et
1663 690 1777 726 devo-

996 737 1124 781 tionis,
1146 736 1184 772 in
1213 747 1286 782 quo
1309 736 1474 783 amplius
1494 736 1606 780 valet,
1634 740 1670 772 et
1690 747 1777 773 me-

996 784 1130 820 liorem
1146 794 1184 819 se
1203 783 1331 827 sentit,
1353 785 1527 820 omnibus
1546 787 1692 829 erogat,
1707 795 1777 820 nec

995 831 1102 878 piger
1123 830 1195 866 dici
1222 831 1332 867 debet
1358 830 1421 876 qui
1451 834 1550 867 totus
1582 830 1621 867 in
1647 834 1778 868 sancta

998 877 1193 914 devotione
1209 881 1245 914 et
1261 876 1446 923 orellone,
1459 878 1617 925 jejunio,
1634 877 1774 923 vigilia,

997 928 1033 961 et
1050 926 1138 961 ssctu
1153 928 1221 969 est;
1242 928 1515 967 verumtamen,
1533 924 1564 960 si
1580 924 1661 970 quis
1677 924 1776 961 vide-

995 976 1055 1008 ret
1080 971 1205 1017 gregis
1242 972 1312 1008 sibi
1336 972 1526 1009 commissi
1563 972 1774 1018 periculum

997 1019 1209 1063 imminere,
1230 1024 1267 1054 et
1290 1019 1434 1055 nullum
1457 1019 1633 1056 idoneum
1654 1018 1693 1054 in
1714 1030 1776 1055 cu-

996 1077 1078 1103 ram
1097 1066 1221 1111 gregis
1242 1065 1313 1102 sibi
1337 1072 1612 1110 successurum,
1634 1065 1777 1111 pericu-

997 1113 1073 1150 lum
1083 1117 1183 1149 esset
1201 1124 1355 1158 gregem
1376 1114 1566 1157 deserere,
1585 1116 1621 1148 et
1635 1113 1682 1149 ad
1697 1124 1775 1149 ere-

997 1171 1101 1197 mum
1135 1171 1172 1195 se
1192 1160 1415 1203 transferre,
1438 1161 1525 1196 licet
1544 1159 1708 1196 habilior
1729 1160 1776 1197 ad

999 1208 1183 1244 orandum
1204 1206 1264 1250 sit,
1289 1207 1495 1244 dummodo
1522 1207 1569 1244 de
1589 1217 1656 1242 suo
1672 1217 1778 1243 scan-

998 1254 1083 1290 dalo
1117 1264 1191 1289 non
1214 1259 1444 1300 praesumat:
1483 1254 1660 1302 praelatus
1687 1253 1776 1301 qui—

998 1301 1083 1337 dem
1101 1302 1162 1348 qui
1180 1301 1337 1338 idoneus
1353 1302 1465 1337 estad
1478 1301 1774 1349 praedicandum..

997 1353 1034 1384 et
1054 1349 1179 1395 plures
1206 1348 1392 1385 instruere
1414 1351 1551 1394 potest,
1570 1358 1614 1384 ac
1639 1347 1709 1386 sibi
1741 1351 1778 1385 et

997 1395 1081 1431 aliis
1100 1395 1139 1430 in
1159 1395 1223 1433 tali
1246 1395 1369 1431 officio
1390 1395 1492 1433 utilis
1508 1400 1577 1440 est,
1599 1395 1684 1430 talis
1704 1395 1777 1432 fra-

996 1445 1143 1478 ternam
1162 1442 1358 1480 caritatem
1377 1453 1453 1478 non
1473 1444 1649 1478 observat
1664 1442 1693 1477 si
1718 1453 1781 1487 po-

996 1490 1127 1535 pulum
1163 1489 1234 1526 sibi
1261 1489 1505 1525 commissum
1530 1489 1775 1536 relinqueret,

997 1539 1081 1572 etse
1100 1536 1145 1572 acl
1164 1547 1334 1573 eremum
1351 1536 1587 1580 transferret,
1606 1547 1689 1572 cum
1707 1535 1776 1572 uti-

996 1583 1068 1619 lior
1092 1583 1129 1618 in
1156 1582 1570 1629 agro.praedicationiS‚
1593 1593 1707 1628 quam
1737 1583 1774 1619 in

997 1640 1123 1667 eremo
1142 1640 1224 1666 esse
1243 1630 1384 1675 possit:
1403 1630 1441 1666 in
1459 1630 1517 1666 his
1539 1641 1628 1666 vero
1647 1641 1777 1675 quem-

997 1687 1070 1760 ξαρ,
1096 1676 1136 1712 in
1163 1677 1318 1713 caritate
1357 1680 1575 1713 manentem
1615 1677 1776 1723 Spiritus

1024 1728 1155 1760 anctus
1183 1725 1281 1760 intus
1297 1724 1459 1767 docebit,
1476 1724 1567 1769 qnid
1587 1723 1619 1759 ei
1643 1724 1775 1760 melius

995 1770 1209 1807 faciendum
1230 1771 1290 1816 sit,
1316 1774 1353 1807 et
1386 1770 1537 1807 solliciti
1572 1771 1672 1807 circa
1695 1771 1776 1808 haec

995 1817 1231 1865 inquisitoris
1259 1817 1459 1866 quaestioni
1482 1817 1703 1857 satisfaciet.

896 1944 1070 1982 ORATIO

200 2070 356 2111 Domine
377 2071 461 2106 Jesu
489 2068 648 2111 Christe,
668 2067 733 2120 qui
766 2066 872 2103 nobis
895 2071 960 2105 tua
1001 2070 1101 2106 dona
1134 2069 1431 2106 misericorditer
1466 2069 1668 2113 tradidisti,
1692 2080 1772 2105 mo-

152 2130 245 2155 nens
266 2122 305 2154 ut
325 2117 521 2164 vigilantes
541 2118 576 2151 et
595 2115 753 2168 solllc1te
781 2117 935 2159 agentes
959 2128 1000 2152 ex
1021 2117 1074 2153 eis
1094 2117 1260 2154 fructum
1284 2118 1500 2162 afferamus,
1522 2117 1570 2153 da.
1601 2116 1692 2152 mihi
1716 2116 1771 2152 in-

152 2166 264 2211 digno
283 2176 389 2201 servo
409 2168 471 2198 tuo
491 2163 537 2198 de
559 2162 667 2214 don-is
682 2172 710 2214 ‘a
728 2164 765 2197 te
791 2162 950 2214 receptis
970 2164 1171 2209 vigilanter
1191 2164 1376 2210 negotiari
1415 2168 1451 2200 et
1472 2175 1516 2200 ea
1544 2174 1611 2209 per
1630 2165 1773 2200 fructus

153 2214 338 2249 bonorum
359 2220 513 2258 operum
531 2209 802 2255 multipllcare3
821 2219 949 2254 eisque
963 2211 1010 2246 ad
1029 2211 1081 2247 tui
1097 2211 1272 2257 gloriam,
1295 2211 1452 2257 proximi
1470 2210 1772 2253 aedificationem,

154 2263 191 2296 et
218 2259 289 2295 mci
311 2257 574 2303 perfectionem
598 2256 650 2291 sic
665 2256 770 2308 *bene
799 2256 865 2299 uti,
887 2259 927 2291 ut
947 2268 1031 2294 cum
1051 2258 1169 2294 servis
1192 2258 1269 2294 tuis
1288 2258 1396 2294 bonis
1420 2263 1457 2293 et
1482 2257 1658 2294 fidelibus
1693 2268 1772 2293 me-

152 2317 237 2343 rear
260 2303 507 2347 remunerari,
530 2314 585 2343 ac,
607 2305 643 2338 te
657 2303 826 2348 jubente,
847 2304 988 2340 intrare
1007 2305 1185 2351 gaudium
1207 2305 1395 2342 felicitatis
1413 2308 1577 2349 aeternae,
1599 2307 1635 2340 et
1657 2303 1774 2350 suspi-

151 2364 234 2390 cere
254 2364 336 2400 quae
362 2350 581 2401 praeparasti
600 2349 843 2396 diligentibus
862 2353 912 2395 te,
941 2352 1039 2389 bone
1054 2355 1158 2389 Jesu.
1190 2353 1326 2389 Amenss
