1907 3139
507 145 555 177 1)ss
594 144 672 177 l‘illt
684 145 728 179 Fi}
740 147 894 179 CTIONE
939 146 1070 179 l'AUl'E
1082 145 1255 179 lt'l'it‘l'ls.
1658 151 1696 182 Π

66 217 214 250 tenetur
249 212 429 259 quilibet;
475 212 521 248 ad
548 212 716 248 ultimam
753 225 840 250 vero

66 261 188 297 nullus
213 263 383 304 tenetur;
408 259 456 295 ad
490 264 564 294 tres
585 270 674 296 vero
698 261 840 297 medias

66 312 238 344 tenentur
254 306 368 352 aliqui
387 317 429 342 ex
450 307 584 342 causis.
603 309 724 343 Unum
749 319 838 355 ergo

61 355 208 402 signum
229 353 472 401 perlectionis
486 354 635 400 posuit;
659 366 744 391 cum
763 367 839 391 om-

63 404 122 439 nia
152 402 364 448 relinquere
398 401 596 447 consuluit,
624 406 665 437 ut
695 403 838 439 nudum

59 451 244 487 Christum
274 449 395 485 nudus
418 453 610 495 sequatur.
635 450 752 494 Unde,
773 462 838 486 se-

57 497 222 534 eundum
252 498 502 543 Theophilum,
530 495 658 533 dicens
696 497 836 543 omnia,

57 555 246 581 summam
294 546 553 590 paupertatem
608 545 739 581 suadet
758 556 767 589 ;
807 545 838 581 si

57 593 149 638 quid
168 593 269 628 enim
290 592 485 636 restiterit,
504 591 601 628 illius
619 603 746 628 servus
767 596 836 629 est.

58 641 103 676 Et
121 641 328 676 secundum
354 640 601 678 Ambrosium,
630 640 744 675 talem
771 651 836 675 vo-

59 687 128 723 luit
151 687 431 723 adolescentem
468 687 573 722 illum
594 687 771 723 Dominus
792 688 838 724 ad

57 734 274 781 paradisum
296 734 439 777 redire;
463 734 583 780 qualis
610 735 729 770 Adam
758 735 837 771 fue-

58 786 116 818 rat
140 782 228 818 olim
261 784 306 818 de
331 781 494 827 paradisi
515 782 745 818 sublimitate
772 783 837 818 de-

54 830 190 876 jectus.
214 831 343 865 Nudus
364 829 466 866 enim
491 829 611 865 Adam
630 831 751 866 incola
770 840 838 876 pa-

59 877 176 914 radisi
202 878 284 913 fuit.

108 929 128 961 (3
144 926 251 961 NIMIA
269 936 505 961 TERRENARUM
519 937 780 962 POSSESSIONEM
793 938 840 962 ni-

60 984 183 1009 anrio
220 985 282 1008 nsr
335 984 584 1009 PERFECTIONIS
624 985 839 1009 IMPEDIMEN-

59 1032 143 1057 TUM.
170 1041 216 1046 —
231 1021 406 1063 Quamvis
425 1031 514 1064 ergo
534 1031 618 1056 cum
636 1021 840 1067 possessio-

57 1079 105 1104 ne
133 1067 349 1104 divitiarum
381 1067 500 1113 possit
534 1067 617 1114 quis
647 1068 694 1104 ad
723 1068 839 1105 vitam

57 1115 207 1161 ingredi
229 1115 414 1151 servando
430 1115 628 1161 mandata;
650 1118 778 1152 tamen
792 1117 839 1152 ad

57 1163 264 1209 perfectam
291 1161 484 1208 sequelam
514 1163 664 1207 Christi,
688 1167 726 1199 ut
758 1174 840 1210 per·

59 1211 155 1246 tecto
176 1221 305 1246 amore
332 1212 368 1245 et
390 1209 536 1255 integro
552 1210 690 1246 affectu
709 1211 841 1246 tendat

58 1257 98 1293 in
130 1259 263 1302 Deum,
291 1257 397 1293 deest
438 1256 509 1293 sibi
540 1267 669 1302 unum,
700 1257 842 1294 scilicet

58 1305 159 1351 quod
179 1305 369 1351 relinquat
396 1303 546 1340 divitias
564 1305 715 1349 affectu,
737 1308 777 1341 ut
794 1306 841 1340 sit

59 1363 204 1399 pauper
220 1351 375 1398 spiritu3
396 1362 480 1398 quae
507 1355 707 1398 paupertas
726 1352 842 1389 inelu-

60 1399 114 1435 dit
150 1399 417 1444 humilitatem,
451 1398 531 1435 sine
561 1410 638 1445 qua
673 1410 750 1435 non
784 1404 842 1436 est

61 1452 266 1494 paupertas
291 1457 393 1491 vera,
415 1447 502 1492 quia
523 1457 663 1483 vanum
689 1449 745 1482 est
764 1448 840 1483 ha-

60 1496 149 1530 bere
175 1495 330 1530 bursam
350 1504 522 1537 vacuam,
545 1497 583 1529 et
601 1505 666 1530 cor
688 1495 839 1540 plenum

60 1541 248 1588 superbia.
267 1541 430 1578 Includit
447 1542 562 1577 etiam
579 1544 838 1588 contemptum

58 1588 277 1625 divitiarum
303 1588 451 1632 effectu,
487 1590 575 1634 quia
601 1588 755 1624 difficile
783 1593 839 1625 est

58 1636 166 1673 valde
186 1635 341 1673 habenti
361 1635 525 1681 divitias,
553 1647 599 1672 ne
621 1647 751 1672 amore
771 1647 837 1672 ea-

57 1695 141 1720 rum
162 1687 226 1720 aut
252 1683 480 1727 detineatur,
514 1686 579 1719 aut
607 1683 838 1719 distrahatur

56 1734 93 1767 et
113 1730 343 1777 impediatur
360 1741 381 1765 a
408 1731 575 1776 perfecto
597 1741 726 1766 amore
747 1731 835 1775 Dei3

55 1789 102 1815 ne
119 1779 307 1815 Christum
328 1777 446 1813 libere
462 1781 498 1812 et
514 1776 685 1823 expedite
707 1788 839 1823 sequa-

58 1828 132 1862 tur.
144 1827 251 1867 Nam,
268 1824 331 1872 qui
352 1823 488 1860 divitiis
507 1823 738 1870 implicatur,
755 1824 837 1860 mit-

57 1872 102 1909 tit
138 1875 254 1920 pedes
288 1872 327 1907 in
353 1875 447 1916 rete,
485 1882 531 1907 ne
563 1871 684 1917 possit
709 1882 837 1907 coram

59 1922 136 1956 Deo
174 1920 360 1966 perfectus
400 1918 609 1963 ambulare,
648 1922 684 1954 et
720 1918 838 1954 libere

57 1968 247 2005 Christum
269 1965 397 2012 sequi;
415 1965 502 2011 quia
519 1965 660 2002 divitias
686 1966 839 2002 viscosi-

58 2019 239 2061 oressunt
256 2015 372 2058 visco,
384 2016 420 2049 et
438 2014 495 2049 vix
511 2013 684 2049 evellitur
694 2012 839 2049 animus

58 2064 262 2108 occupatus
288 2062 334 2098 ab
354 2060 420 2102 eis,
449 2063 486 2096 et
505 2061 690 2097 detentus.
717 2060 840 2097 Nimia

58 2120 149 2156 ergo
188 2108 337 2145 dilectio
363 2111 601 2144 terrenarum
632 2107 838 2155 possessio-

58 2168 148 2194 num
159 2160 215 2193 est
223 2157 286 2203 huj
294 2167 335 2193 us
344 2154 585 2202 perfectionis
596 2155 840 2201 impedimen-

58 2207 153 2241 tum.
174 2204 280 2248 Quod
306 2204 400 2239 bene
416 2203 584 2249 patuitin
602 2204 837 2250 hocjuvene,

59 2254 124 2298 qui
144 2263 223 2288 cum
249 2252 396 2287 verbum
415 2253 560 2286 Domini
592 2251 767 2293 audisset,
793 2251 839 2287 de

56 2299 286 2346 perfectione
309 2298 449 2334 scilicet
464 2298 693 2345 paupertatis
710 2298 839 2335 volun-

56 2346 176 2392 tariae,
187 2347 280 2382 abiit
295 2347 428 2391 tristis,
448 2345 725 2382 seculitristitia
735 2357 837 2382 mor-

57 2398 134 2430 tem
143 2398 336 2440 operante,
347 2393 551 2440 impeditus
569 2404 591 2430 a
604 2393 837 2440 perfectione

58 2451 170 2487 quam
186 2442 379 2487 quaerebat
397 2445 636 2477 terrenarum
655 2441 835 2488 possessi·

58 2499 173 2525 onum
187 2500 329 2533 amore,
352 2489 399 2525 oh
415 2489 515 2535 quod
534 2499 610 2525 non
626 2492 775 2535 poterat
791 2489 839 2525 ad

57 2536 329 2583 perfectionem
356 2536 577 2572 voluntariae
604 2536 836 2583 paupertatis

60 2585 276 2619 ascendere.
301 2584 406 2619 Unde
432 2594 544 2620 eausa
565 2583 729 2620 tristitiae
753 2585 837 2619 red-

60 2630 175 2671 ditur,
195 2641 279 2666 cum
299 2630 470 2667 subditur
489 2643 498 2667 :
521 2633 613 2667 Erat
633 2633 727 2666 enim
747 2631 840 2666 mui-

61 2681 118 2714 tas
136 2678 269 2713 habens
286 2680 542 2723 possessiones,
556 2678 681 2725 spinas
701 2679 838 2725 produ-

62 2728 191 2762 centes
211 2728 246 2761 et
274 2724 446 2770 tribulos,
479 2730 686 2762 sementem
712 2725 837 2762 Domi-

62 2772 188 2810 nicam
207 2772 453 2818 suffocante53
475 2776 512 2808 et
542 2773 624 2820 ipse
643 2773 839 2810 nihilomi-

917 225 985 251 nus
1007 213 1156 250 habitus
1173 225 1194 249 a
1213 215 1528 264 possessionibus,
1543 220 1693 257 etdives

917 262 1023 299 valde
1052 261 1190 297 divitiis
1211 261 1418 302 fallacibus,
1450 266 1496 299 ob
1533 278 1690 312 quarum

916 310 1171 346 inordinatum
1192 319 1360 344 amorem
1395 310 1614 350 tristabatur
1645 316 1692 352 de

917 356 1161 402 persuasione
1175 356 1518 394 abrenuntiationis
1537 372 1664 397 carum
1683 375 1692 408 ;

917 403 1100 440 tristabile
1124 403 1226 439 enim
1262 408 1316 439 est
1356 410 1481 441 amata
1514 408 1691 453 abjicere.

913 453 969 487 Ad
990 450 1212 497 temporalia
1233 450 1334 487 enim
1356 453 1583 497 passibiliter
1606 456 1693 491 ain-

914 499 1024 545 eitur,
1041 499 1147 544 cujus
1169 497 1288 533 corin
1308 500 1517 544 privatione
1544 513 1693 539 eorum-

914 546 1000 582 dem
1048 545 1262 592 aliqualiter
1306 545 1561 585 contristatur.
1599 551 1692 587 Nam

914 594 1263 640 plerumque,cum
1300 594 1524 639 temporalia
1561 597 1696 634 adsunt

916 641 1039 686 nobis,
1060 646 1235 687 putamus
1259 641 1359 686 quod
1391 652 1436 677 ea
1456 653 1531 678 non
1560 643 1695 691 diliga-

915 699 1020 731 mus,
1040 688 1105 723 sed
1131 699 1214 724 cum
1236 689 1366 724 abesse
1387 691 1582 738 coeperint,
1608 696 1696 729 tunc

915 735 1124 771 invenimus
1142 737 1205 782 qui
1233 746 1374 772 sumus.
1400 738 1476 773 Hoc
1497 738 1597 775 enirn
1616 740 1698 777 sine

915 793 1043 819 amore
1065 787 1193 819 nostro
1221 785 1366 829 aderat,
1391 785 1491 829 quod
1513 786 1594 823 sine
1628 788 1694 824 do-

915 830 994 866 lore
1010 830 1422 877 discedit.1steJuvenis
1435 844 1517 870 cuin
1533 835 1695 877 audiret,

916 877 1016 923 quod
1047 889 1294 924 quascumque
1315 880 1471 916 haberet
1502 883 1695 929 venderet,

915 928 952 961 et
979 925 1086 961 daret
1105 927 1347 972 pauperibus,
1377 928 1469 964 abiit
1507 941 1694 976 moerens;

917 972 1007 1019 quia
1029 974 1138 1009 simul
1160 977 1196 1009 et
1215 973 1363 1011 divitias
1384 977 1500 1012 seculi
1527 982 1564 1014 et
1580 980 1696 1015 vitam

916 1023 1097 1056 aeternam
1119 1022 1258 1057 habere
1283 1022 1447 1068 volebat,
1470 1026 1571 1070 quod
1593 1026 1697 1063 disfi-

915 1068 985 1104 eile
1007 1072 1088 1104 erat
1113 1072 1156 1104 ut
1185 1069 1293 1105 fieret
1317 1085 1324 1106 :
1348 1071 1527 1117 quoniam
1551 1074 1588 1109 in
1610 1085 1695 1121 pos-

916 1115 1083 1152 sessione
1104 1115 1320 1153 divitiarum
1352 1119 1493 1165 absque
1519 1121 1698 1167 superbia

916 1162 1090 1215 elationis
1111 1167 1148 1199 et
1170 1164 1312 1210 absque
1332 1168 1561 1212 proprietate
1588 1170 1696 1205 volu-

915 1213 1029 1256 ptatis
1063 1210 1123 1245 vix
1157 1215 1257 1246 stare
1295 1212 1378 1258 quis
1415 1217 1557 1259 potest,
1601 1217 1697 1253 sicut

916 1259 1030 1293 etiam
1065 1257 1218 1294 difficile
1252 1264 1361 1304 esset,
1385 1261 1487 1306 quod
1521 1263 1634 1299 honio
1655 1263 1695 1300 in

915 1303 1109 1341 cacumine
1125 1304 1274 1342 verticis
1292 1307 1450 1354 alicujus
1465 1311 1603 1346 montis
1618 1314 1695 1348 sta-

915 1356 986 1398 ret,
1004 1355 1041 1388 et
1059 1355 1283 1398 tempestate
1297 1355 1411 1390 validi
1428 1356 1529 1392 venti
1542 1368 1695 1403 quassa-

914 1402 973 1435 tus
997 1410 1074 1435 non
1095 1400 1259 1437 caderet.
1287 1403 1332 1438 Ut
1352 1413 1441 1438 vero
1460 1403 1550 1439 dicit
1566 1406 1695 1449 Anqu-

914 1448 1033 1482 stinzts
1064 1457 1073 1482 ε
1114 1460 1132 1481 «
1161 1448 1227 1483 Hie
1247 1449 1466 1486 adolescens
1492 1451 1694 1489 laudabilis

914 1495 1066 1540 quidem
1102 1497 1170 1539 est,
1205 1495 1295 1541 quia
1331 1507 1407 1533 non
1442 1498 1591 1543 occidit,
1624 1511 1695 1537 nec

915 1541 1148 1577 adulteratus
1171 1548 1248 1587 est;
1271 1543 1531 1590 vituperabilis
1555 1550 1609 1583 est
1631 1559 1695 1584 au-

913 1593 1004 1633 tem,
1033 1589 1120 1634 quia
1147 1590 1387 1627 contristatus
1413 1597 1467 1628 est
1501 1593 1540 1629 in
1570 1594 1695 1632 verbis

914 1636 1051 1672 Christi
1082 1637 1252 1673 vocantis
1288 1649 1375 1674 eum
1412 1640 1461 1675 ad
1494 1642 1694 1686 perfectio-

914 1693 1015 1720 nem.
1043 1684 1272 1720 Adolescens
1297 1686 1435 1732 quippe
1457 1694 1539 1723 erat
1562 1700 1695 1726 secun-

913 1730 1002 1766 dum
1016 1729 1196 1775 animam,
1212 1735 1249 1767 et
1264 1738 1464 1778 propterea
1477 1736 1695 1783 relinquens

914 1777 1101 1813 Christum
1137 1778 1231 1814 abiit
1253 1790 1262 1815 :
1289 1793 1308 1811 »
1339 1781 1420 1816 haec
1445 1782 1693 1827 Auqusttnus.

915 1824 987 1860 Sed
1003 1825 1076 1860 tale
1095 1830 1168 1861 rete
1183 1827 1327 1869 frustra
1339 1828 1484 1872 jacitur
1503 1834 1588 1866 ante
1608 1842 1691 1868 ocu-

913 1872 965 1906 los
984 1876 1251 1918 pennatorum;
1275 1875 1417 1911 scilicet
1437 1880 1693 1924 contemplan-

913 1920 1007 1954 tium
1026 1920 1307 1971 perfectorum,
1344 1922 1408 1968 qui
1436 1926 1540 1961 tanto
1566 1936 1690 1962 minus

914 1970 1189 2018 contristantur
1211 1969 1311 2014 quod
1337 1970 1475 2006 desunt
1500 1975 1694 2019 tempora-

913 2014 978 2058 lia,
999 2017 1139 2059 quanto
1167 2017 1284 2061 magis
1321 2021 1503 2064 appetunt
1532 2026 1688 2057 aeterna.

913 2061 1020 2104 Nam,
1045 2064 1086 2097 ut
1107 2062 1159 2097 ait
1184 2063 1392 2110 Greqort'us,
1417 2070 1563 2104 tantum
1588 2070 1692 2115 quis-

913 2118 985 2154 que
999 2108 1126 2145 minus
1140 2109 1243 2147 dolet
1259 2112 1360 2157 quod
1380 2113 1515 2151 desunt
1534 2120 1692 2162 aeterna,

912 2157 1159 2208 tantohmagis
1169 2159 1307 2204 gaudet
1327 2161 1428 2206 quod
1441 2162 1579 2199 adsunt
1600 2166 1695 2201 tem-

912 2203 1079 2249 poralia3
1117 2210 1153 2240 et
1191 2205 1255 2252 qui
1292 2207 1415 2244 minus
1454 2209 1557 2246 dolet
1595 2211 1696 2258 quod

912 2251 1050 2304 desunt
1074 2254 1311 2299 temporalia,
1336 2256 1474 2293 certius
1501 2262 1693 2305 exspectat

912 2301 953 2334 ut
973 2298 1098 2335 adsint
1118 2303 1272 2338 aeterna.
1295 2304 1339 2338 Et
1359 2302 1457 2348 ideo,
1486 2307 1695 2343 secundum

914 2346 1156 2398 Gennadium,
1167 2348 1307 2385 bonum
1324 2354 1380 2386 est
1395 2351 1592 2389 facultates
1608 2365 1694 2390 cum

914 2394 1195 2447 dispensatione
1232 2398 1461 2444 pauperibus
1507 2411 1692 2448 erogare;

913 2443 979 2477 sed
1018 2444 1156 2495 melius·
1183 2447 1259 2489 est,
1297 2455 1365 2492 pro
1402 2447 1613 2485 intentione
1641 2460 1697 2485 se-

913 2489 1052 2534 quendi
1072 2489 1278 2536 Christum,
1300 2495 1430 2530 omnia
1451 2498 1488 2531 et
1504 2499 1627 2532 totum
1644 2497 1694 2532 si-

914 2536 992 2588 mul
1024 2537 1180 2583 donare,
1205 2542 1242 2575 et
1264 2540 1478 2577 absolutum
1511 2553 1534 2578 a
1555 2542 1695 2579 sollici-

913 2583 1046 2635 tudine
1080 2596 1164 2621 cum
1188 2587 1337 2623 Christo
1370 2599 1495 2634 egere.
1523 2590 1568 2624 Ut
1595 2591 1697 2627 enim

915 2630 1004 2665 dieit
1030 2632 1303 2676 Chrysostomus
1325 2647 1336 2669 .·
1365 2649 1383 2667 «
1412 2636 1495 2671 Non
1524 2636 1697 2674 similiter

916 2677 1132 2730 detinentur
1152 2680 1215 2725 qui
1235 2691 1356 2726 pauca
1390 2682 1545 2728 habent,
1574 2688 1611 2720 et
1632 2683 1696 2730 qui

915 2725 1042 2778 multis
1068 2726 1285 2774 abundant;
1317 2731 1497 2775 quoniam
1535 2731 1696 2777 abjectio

916 2772 1133 2810 divitiarum
1165 2776 1350 2822 majorem
1384 2778 1560 2814 accendit
1586 2779 1698 2814 flam-
