1907 3139
210 171 259 203 nt:
298 172 439 205 CAUSA
478 172 749 206 DIMITTENDI
790 175 993 217 UXOREM,
1033 178 1086 211 ET
1123 179 1177 212 DE
1216 180 1454 221 PARVULIS,
1494 184 1587 217 ETC.

83 243 152 279 hos
172 243 360 280 sccundos
383 245 651 289 computantur
677 247 713 280 et
739 244 776 280 hi
802 246 866 292 qui

83 292 209 337 specie
230 290 423 336 religionis
448 290 625 327 simulant
639 292 863 339 castitatem,

83 338 226 375 scilicet
250 338 454 384 hypocritas
477 343 514 375 et
546 344 770 384 appetentes
801 352 863 377 va-

82 397 168 422 natn
195 385 357 431 glorian]
390 387 436 422 ab
463 387 680 423 hominibus
708 399 751 424 ex
778 400 866 434 quo-

80 444 240 479 cumque
261 444 328 469 suo
349 445 474 479 opere.
498 437 547 470 Ec
564 439 651 471 sunt
676 438 862 482 Eunuchi,

80 480 118 523 id
133 484 190 517 est
211 480 465 527 continentes,
481 484 547 528 qui
566 484 704 529 seipsos
724 488 864 520 castra-

79 532 226 574 verunt,
249 539 324 565 non
349 540 418 575 per
443 530 700 567 membrorum
722 531 864 568 abscis-

79 575 227 612 sionem
247 588 256 621 3
283 577 348 613 sed
366 588 434 623 per
463 577 782 624 concupiscentia)
802 591 864 616 re-

78 624 330 670 pressionem,
349 629 438 661 etse
453 625 634 670 castitati,
652 637 718 663 seu
741 628 787 663 ad
806 638 865 664 ca-

79 675 135 708 ste
156 672 357 708 vivendum
378 673 593 718 voluntarie
615 674 860 720 devoverunt,

74 723 228 765 propter
246 731 398 762 reanum
426 723 609 765 coelorum,
629 721 692 768 qui
711 722 863 769 proprie

78 766 257 803 dicuntur
273 767 454 809 Eunuchi,
472 768 510 804 id
524 772 578 805 est
597 770 693 805 liene
707 771 861 806 vincen—

76 823 145 860 tes,
168 821 215 857 ab
238 815 285 863 εὖ,
313 820 412 866 quod
444 824 500 857 est
521 823 677 866 bonum,
701 829 737 858 et
767 823 856 866 νίκη,

79 869 179 915 quod
207 872 264 904 est
285 868 456 912 victoria,
489 869 593 915 quasi
627 870 717 906 boni
741 872 857 907 victo·

78 927 162 959 res,
187 919 224 952 et
246 915 284 951 hi
308 922 500 952 merentur
530 930 539 952 :
568 919 604 952 ct
632 918 778 954 ratione
799 930 862 955 vo-

79 963 247 1002 luntatis,
275 963 362 1009 quia
384 968 619 1009 spontanea;
650 968 686 1000 ct
713 965 859 1002 ratione

77 1010 250 1055 actionis,
272 1011 360 1057 quia
386 1010 515 1056 bona3
557 1015 591 1048 et
631 1013 779 1049 ratione
806 1013 857 1049 inv

81 1058 277 1101 tentionis,
301 1059 388 1104 quia
413 1063 516 1095 recta
539 1059 634 1095 :ista
658 1072 758 1096 enim
789 1061 859 1096 tria

77 1106 279 1153 perficiunt
302 1105 492 1142 meritum.
518 1109 603 1143 Haec
625 1118 717 1143 ereo
748 1109 861 1145 tertia

84 1153 329 1195 continentia,
353 1165 436 1198 quae
458 1157 513 1189 cst
540 1166 607 1201 per
627 1156 859 1192 voluntatem

77 1201 347 1248 reprimentem
381 1202 726 1248 concupiscentiam
749 1206 796 1238 ab
824 1215 860 1239 a·

78 1252 137 1285 ctu
160 1248 541 1293 venei‘eo,vict01²tosa
562 1249 700 1286 dicitur
720 1254 753 1286 et
775 1251 857 1286 lau-

77 1296 223 1339 dabilis,
249 1300 285 1332 et
318 1299 397 1332 tota,
423 1300 481 1332 est
508 1297 717 1334 meritoria.
752 1299 856 1335 Unde

76 1346 129 1380 ait
155 1345 429 1387 Chrysostomus
449 1357 459 1379 .·
483 1358 500 1378 «
526 1345 592 1380 Illa
629 1348 685 1381 est
721 1345 858 1391 glorio-

81 1402 122 1427 sa
141 1391 388 1435 continentia,
412 1402 487 1427 non
509 1403 621 1438 quam
643 1393 859 1437 transgredi

79 1450 151 1475 non
178 1442 300 1485 potest
323 1439 529 1475 necessitas
553 1439 762 1476 debilitatis
780 1451 859 1476 cor-

78 1485 192 1533 poris,
215 1488 278 1522 sed
302 1497 414 1533 quam
436 1487 699 1534 complectitur
726 1488 856 1524 volun«

79 1539 134 1571 tas
166 1534 283 1570 sancti
312 1534 508 1580 propositi⁴
539 1550 554 1565 υ
593 1536 637 1570 Εῖ
670 1535 808 1571 iterum
848 1547 856 1572 :

76 1594 93 1616 «
117 1583 211 1617 Cum
233 1584 358 1617 autem
378 1581 468 1617 dicit
491 1593 498 1617 :
519 1581 588 1626 Qui
609 1594 648 1618 se
667 1588 856 1619 castrave-

77 1632 180 1674 runt,
200 1640 278 1664 non
296 1630 551 1665 membrorum
570 1629 660 1665 dicit
688 1630 859 1666 abscissi-

77 1687 210 1721 onem3
230 1677 295 1712 sed
311 1677 496 1713 malarum
516 1677 787 1723 cogitationum
808 1678 860 1714 in-

78 1724 379 1770 teremptionem.
416 1724 563 1760 Ett=nin1
590 1726 857 1771 concupiscen-

16 1792 21 1797 ·
76 1772 127 1808 tia
148 1773 262 1808 habet
284 1773 604 1818 t'ontcspraecipue
625 1783 647 1808 a
666 1773 858 1818 proposito

75 1819 348 1863 incontinendi‚
384 1823 418 1853 ct
439 1830 461 1855 a
480 1822 604 1854 mente
626 1819 854 1865 negligente.

79 1869 131 1907 Et,
156 1866 186 1902 si
218 1866 300 1913 ipsa
333 1865 461 1902 sobria
482 1866 607 1911 fucrit,
628 1866 856 1902 naturalium

79 1917 249 1950 motuum
294 1913 438 1949 nullum
477 1915 533 1949 cst
572 1918 853 1950 nocumentum.

75 1963 149 1998 Nec
174 1963 225 1996 ita
246 1961 425 1997 abscissio
448 1960 608 1997 membri
640 1961 855 2008 comprimit

76 2008 300 2045 tentationes
331 2012 367 2044 et
407 2008 718 2054 tranquillitatem
754 2010 853 2050 facit,

77 2062 118 2092 ut
139 2055 376 2102 cogitationis
412 2056 573 2091 frenum.
602 2071 614 2089 »
651 2057 739 2098 Sed,
768 2056 856 2102 quia

77 2104 159 2140 talis
180 2107 300 2139 status
320 2103 417 2139 altus
436 2110 505 2147 est,
522 2114 590 2139 nec
607 2107 761 2148 possunt
779 2115 855 2139 otn-

78 2162 141 2187 nes
161 2151 207 2186 ad
228 2151 299 2187 hoc
320 2151 519 2196 attingere,
545 2151 609 2187 sed
631 2152 749 2186 solum
774 2163 857 2197 per-

76 2198 175 2238 fecti,
197 2198 281 2234 ideo
314 2198 427 2234 insert
455 2198 636 2234 Dominus
666 2199 854 2235 hortando

77 2245 216 2282 milites
250 2257 348 2285 suos„
375 2246 504 2282 dicens
527 2258 534 2281 ;
567 2247 637 2290 Qui
662 2250 777 2292 potest
796 2258 855 2281 cct-

75 2305 177 2340 pere,
201 2293 425 2339 etimplerv,
442 2296 577 2338 capitit,
601 2305 684 2329 rum
714 2294 856 2339 adjuto-

78 2341 131 2376 rio
154 2339 235 2384 Dei,
258 2344 299 2376 ut
334 2344 382 2376 sit
420 2345 558 2385 castus,
582 2342 638 2377 vel
671 2341 858 2385 intellig-at

76 2399 160 2435 quae
185 2388 289 2431 dico;
320 2388 392 2432 vel,
431 2391 493 2434 qui
530 2392 653 2434 potest
686 2399 857 2435 pugnare

75 2439 209 2471 contra
238 2446 405 2479 carnem,
439 2439 596 2482 pugnet,
636 2448 678 2471 ac
707 2442 858 2482 superet

77 2487 115 2519 et
140 2483 363 2529 triumphet.
384 2485 427 2517 Et
446 2489 502 2518 est
518 2494 585 2519 vox
602 2484 787 2519 hortantis
811 2483 857 2518 ad

78 2530 317 2565 contitientiae
351 2530 537 2574 bravium,
568 2542 641 2566 non
671 2530 854 2577 ¹iubentis.

80 2577 189 2620 Quasi
217 2577 359 2613 diceret
385 2578 672 2624 :Unusquisque
691 2578 858 2613 considc-

79 2629 136 2659 ret
161 2635 208 2659 an
236 2624 467 2667 virginitatis
495 2629 529 2660 et
552 2625 739 2670 pudicitur
764 2636 857 2671 [irae-

82 2674 229 2717 c··ptutn
251 2671 406 2716 implere
422 2676 546 2717 queat.
561 2677 705 2708 tantum
720 2674 857 2707 bunum

83 2730 156 2754 tion
186 2723 241 2754 cst
264 2719 512 2763 necessitatis,
531 2720 595 2755 scit
618 2731 859 2763 sineri-roga-

82 2765 220 2808 tionis;
260 2776 327 2801 nec
365 2770 421 2801 est
443 2768 771 2813 hocpiaiceptuni,
795 2767 859 2802 sed
893 2766 895 2776 ⁴

1683 185 1717 217 71,

940 247 1170 303 imponitur-3
1214 249 1277 296 qui
1314 261 1403 297 ergo
1439 255 1558 299 potest
1597 256 1720 293 conti-

941 308 1045 341 nere,
1064 301 1266 334 contincat.

989 348 1008 381 6
1030 346 1225 381 Comitum
1262 358 1446 383 PERFECTAE
1486 359 1717 394 OBEDIENTIAE,

941 404 982 428 Er
1021 405 1247 429 neminimus
1275 407 1341 430 PER
1382 407 1718 435 COMMENDATIONEM.

940 452 1192 477 PARVULORUM.
1208 463 1249 468 —
1272 441 1408 479 Habito
1425 442 1550 489 itaque
1572 445 1617 480 de
1636 457 1720 491 per-

940 487 1104 525 fectione
1130 488 1391 535 continentiae,
1418 490 1496 527 sive
1520 491 1720 537 castitatis,

939 540 1221 582 consequenter
1250 537 1376 584 agitur
1411 538 1458 574 de
1489 538 1723 585 perfectione

940 583 1181 629 obedientiae,
1204 584 1282 620 sive
1319 584 1561 631 humilitatis,
1591 590 1628 622 et
1650 587 1722 623 hoc

939 631 1722 680 commendationeparvulorum‚perquos

939 679 1188 726 designantur
1207 680 1372 717 humiles
1398 683 1434 716 et
1467 680 1690 718 obedientes
1709 694 1720 728 3

939 729 1027 772 quia
1050 727 1145 764 sicut
1165 727 1313 774 parvuli
1347 739 1425 764 non
1461 729 1618 775 propria
1644 740 1718 765 vo—

938 774 1098 819 luntate,
1145 775 1211 811 sed
1248 775 1403 812 alterius
1436 776 1638 821 ducuntur,
1668 776 1719 814 ita

937 822 1099 858 humiles
1135 825 1170 858 et
1204 823 1425 859 obedientes
1464 823 1621 860 alterius
1655 835 1720 859 vo-

937 869 1083 905 luntate
1116 873 1153 906 et
1186 871 1342 916 imperio
1378 877 1590 907 moventur.
1617 872 1720 908 Unde

937 916 1027 953 dicit
1054 918 1165 961 Beda,
1195 918 1295 964 quod
1322 919 1403 954 haec
1425 918 1536 955 lectio
1565 919 1718 955 humili-

936 966 1024 1000 tatis
1059 965 1279 1011 magisterio
1317 966 1425 1011 plena
1461 966 1590 1011 micat,
1633 978 1718 1012 quae

935 1012 1110 1048 videlicet
1137 1012 1360 1050 innocentes
1385 1025 1427 1049 ac
1455 1014 1648 1059 simplices
1668 1015 1716 1051 ad

919 1060 1086 1095 VDomini
1136 1061 1297 1107 gratiam
1346 1063 1564 1108 pertinuere
1607 1073 1718 1108 posse

936 1107 1183 1144 demonstrat.
1210 1110 1304 1144 Dum
1332 1120 1422 1155 ergo
1452 1109 1634 1145 Dominus
1655 1111 1717 1146 Je-

935 1165 997 1190 sus
1018 1156 1063 1191 de
1085 1155 1256 1192 castitate
1276 1156 1481 1193 dissereret
1502 1168 1509 1192 :
1539 1159 1634 1192 Tunc
1655 1157 1717 1192 ob-

935 1204 1003 1237 lati
1022 1207 1108 1238 sient
1134 1205 1167 1238 ei
1197 1205 1349 1248 parvuli
1369 1215 1410 1239 cx
1433 1203 1634 1240 devotione
1654 1205 1717 1240 of—

933 1249 1148 1294 ferentium,
1164 1254 1205 1286 ut
1226 1262 1355 1286 manus
1378 1253 1428 1286 eis
1449 1253 1661 1297 imponeret,
1682 1255 1716 1288 ec

933 1302 1066 1343 oraret,
1089 1298 1126 1333 id
1147 1302 1202 1334 est
1221 1303 1262 1334 ut
1285 1309 1399 1334 manu
1425 1303 1461 1334 et
1487 1310 1577 1335 voce
1598 1300 1713 1335 bene-

933 1344 1088 1381 diceret.
1124 1346 1363 1382 Consuetudo
1391 1347 1493 1382 enim
1520 1346 1591 1382 fuit
1616 1347 1715 1393 apud

932 1395 1092 1437 veteres,
1138 1396 1178 1429 ut
1216 1393 1396 1439 parvulos
1430 1393 1714 1430 benedicendos

933 1440 1113 1476 offerrent
1159 1440 1374 1477 senioribus
1397 1470 1406 1484 ‚
1443 1443 1480 1477 et
1521 1440 1713 1487 impositio

933 1498 1117 1523 manuum
1138 1492 1261 1524 ortum
1296 1487 1431 1524 habuit
1463 1489 1510 1525 ab
1547 1488 1716 1534 antiquis

934 1534 1184 1581 patriarchis,
1214 1534 1276 1582 qui
1302 1535 1470 1571 volentes
1491 1535 1716 1572 benedicere

932 1582 1113 1629 parvulis,
1136 1584 1382 1630 imponebant
1402 1583 1456 1619 eis
1476 1594 1624 1620 manus.
1647 1583 1711 1620 Vi-

933 1630 1066 1666 dentes
1086 1630 1203 1676 igitur
1222 1630 1342 1667 Judaei
1364 1630 1553 1668 Christum
1589 1630 1713 1667 mori-

934 1678 1003 1713 bus
1032 1689 1176 1722 senem,
1199 1677 1277 1715 vita
1315 1681 1502 1723 sanctum,
1541 1678 1714 1714 doctrina

933 1724 1266 1771 sapientissimum,
1306 1729 1343 1761 et
1374 1726 1421 1761 de
1457 1725 1630 1762 castitate
1658 1726 1713 1761 lo-

932 1775 1136 1817 quentem3
1162 1778 1275 1819 atque
1302 1773 1486 1809 habentes
1508 1785 1593 1809 eum
1620 1774 1715 1809 sicut

933 1820 1177 1866 Prophetam‚
1213 1820 1433 1856 obtulerunt
1453 1820 1487 1856 ei
1532 1820 1712 1862 infantes,

933 1871 973 1902 ut
998 1867 1052 1902 eis
1074 1878 1208 1903 manus
1230 1870 1427 1913 imponens
1454 1871 1492 1903 et
1513 1879 1627 1904 orans
1648 1869 1713 1904 be—

932 1913 1124 1951 nediceret
1143 1926 1151 1949 :
1173 1925 1289 1950 manu
1310 1925 1376 1961 per
1390 1918 1545 1960 tactum,
1565 1918 1602 1951 et
1624 1926 1713 1951 voce

930 1972 998 2007 per
1019 1962 1245 1998 orationem.
1260 1964 1298 1997 In
1317 1973 1389 2007 quo
1408 1962 1520 1998 datur
1539 1962 1710 2007 intelligi,

932 2009 1033 2054 quod
1053 2009 1218 2055 parvulis
1239 2009 1379 2045 sufficit
1401 2022 1465 2055 per
1480 2010 1594 2046 fidem
1616 2009 1711 2045 alio-

930 2067 1028 2100 rum,
1057 2058 1102 2092 ad
1136 2057 1326 2092 Christum
1354 2057 1497 2093 afferri.
1527 2059 1713 2103 Discipuli

930 2108 1050 2140 autem
1077 2104 1197 2140 labori
1224 2104 1390 2149 Magistri
1423 2105 1710 2151 compatientes,

932 2155 968 2186 vt
990 2156 1145 2198 propter
1165 2154 1248 2196 eius
1269 2151 1509 2196 dignitatem,
1531 2153 1709 2198 prohibe·

929 2199 1035 2242 bant,
1070 2206 1104 2235 et
1130 2200 1369 2245 increpabant
1397 2211 1453 2235 eos
1492 2200 1710 2245 offerentes,

931 2257 1006 2282 non
1028 2247 1130 2292 qued
1151 2247 1294 2283 nollent
1316 2247 1524 2283 infantibus
1545 2258 1567 2283 a
1586 2248 1710 2284 Salva-

930 2296 1026 2337 tore,
1049 2298 1085 2329 et
1103 2305 1216 2330 manu
1255 2297 1291 2330 et
1311 2306 1399 2331 voce
1410 2293 1604 2338 benedici3
1628 2295 1708 2337 sed,

932 2340 1017 2386 quia
1040 2341 1227 2378 timebant
1252 2352 1336 2378 eum
1368 2348 1451 2386 post
1467 2346 1544 2378 tam
1574 2342 1709 2388 longos

932 2399 1139 2430 sermones,
1161 2389 1447 2435 importunitate
1465 2389 1708 2426 otti-rentium

931 2436 1079 2481 gravari
1108 2440 1144 2472 et
1176 2436 1319 2473 offendi
1362 2437 1533 2473 Christus
1564 2441 1706 2481 autem,

932 2483 1000 2518 etsi
1027 2483 1260 2529 fatigabatur
1281 2495 1450 2531 corpore,
1482 2496 1558 2520 non
1580 2487 1707 2520 tamen

932 2530 1071 2574 animo,
1103 2533 1191 2577 quia
1227 2531 1259 2567 ei
1297 2532 1488 2578 placebat:
1515 2537 1552 2567 et
1570 2543 1712 2577 praeva-

931 2577 1001 2613 luit
1027 2588 1070 2614 ac
1096 2578 1186 2614 vicit
1206 2579 1314 2614 fortis
1341 2580 1422 2625 ejus
1443 2579 1612 2622 affectus,
1637 2589 1709 2623 quo

931 2625 1125 2661 hominum
1163 2626 1322 2662 saltitem
1351 2626 1538 2672 cupiebat,
1562 2629 1603 2661 ut
1625 2626 1707 2661 nul-

933 2672 989 2707 lus
1011 2683 1033 2708 a
1058 2672 1321 2709 consecutione
1353 2684 1429 2709 suat
1465 2673 1597 2708 salutis
1622 2683 1707 2718 pro-

931 2719 1138 2755 hibenetuv.
1179 2720 1235 2756 Sic
1276 2720 1451 2765 fatigatus
1482 2731 1525 2756 ex
1556 2720 1704 2763 itinere,

932 2777 1006 2802 non
1025 2778 1161 2803 curans
1186 2768 1322 2803 samem
1339 2772 1403 2803 aut
1418 2768 1534 2812 cibos,
1550 2767 1596 2802 ad
1617 2778 1705 2801 ron-

85 2812 305 2859 consilium;
347 2813 500 2849 cuilibet
520 2815 694 2859 otl'ertur,
719 2813 860 2850 nemini
931 2814 1141 2850 versionem
1170 2814 1514 2856 Samaritanorum,
1544 2823 1704 2859 quorum
