1907 3139
408 146 459 179 DE
497 142 636 178 FLETU
675 140 832 175 DOMINI
872 137 1012 172 SUPER
1049 133 1326 169 JEiiusALEM,
1366 132 1459 165 ETC.
1696 127 1751 160 187

124 231 241 268 usque
272 216 492 260 Jerusalem,
516 224 600 251 cum
639 212 754 249 ramis
783 211 896 246 oliva-

124 280 205 306 rum
228 270 263 304 et
284 266 504 312 palmarum,
520 265 554 298 ct
575 260 720 305 magnis
742 258 897 295 canticis

125 316 403 354 associaverunt
421 323 429 355 ;
453 315 489 347 ct
519 311 591 345 ista
610 307 800 355 processio
822 317 897 342 ma-

125 375 207 410 gnae
236 359 455 398 reverentiae
492 361 527 393 et
562 355 718 392 honoris
755 354 837 398 suit,
863 356 899 389 et

125 412 221 447 hanc
245 408 407 443 Ecclesia
433 406 471 441 in
492 404 692 449 Evangelio
713 402 896 437 hodierno

125 458 382 503 repraesental.
403 452 574 489 Secunda
593 454 660 494 est,
673 449 759 495 quia
777 447 895 485 Judoei

124 503 309 541 Christum
347 513 369 537 a
405 499 613 537 Jerusalem
651 498 697 534 ad
731 499 897 532 montem

127 550 322 591 (3011111100,
347 559 429 584 cum
461 546 608 591 magnis
628 543 840 591 opprobriis
862 546 898 579 et

125 597 361 635 irrisionibus
380 595 636 633 deduxeruntff,
661 596 692 626 rt
721 592 789 627 ida
816 601 898 636 pro-

124 647 241 682 cessio
264 645 332 679 fuit
359 654 507 688 magnae
535 639 747 687 ignominia·
781 643 812 673 ‹Jt
837 638 899 673 do-

123 693 229 737 loris,
254 695 290 728 et
324 692 421 726 hunc
455 692 702 735 repraesentat
735 686 899 721 Ecclesia

123 741 161 776 in
179 739 357 776 Passione
372 738 566 773 hodierna.
584 737 623 771 In
645 734 724 770 istis
745 744 898 779 proces-

123 787 292 824 sionibus
311 785 519 821 ostenditur
538 793 672 828 magna
693 783 729 816 in
753 779 896 817 Judteis

124 833 379 881 multiplicitas
407 830 609 868 voluntatis
631 841 638 864 ε
660 839 747 863 nam
768 827 804 863 in
826 826 900 873 pri-

124 894 186 919 ma
219 892 304 918 cum
337 889 474 925 magna
499 876 709 913 reverentia
728 879 764 911 et
785 876 898 910 devo-

129 931 230 966 tione
247 930 367 974 ipsum
377 937 490 973 supra
504 924 661 961 asellum
671 926 898 969 posuerunt,

123 977 161 1013 in
181 976 344 1013 secunda
369 974 491 1020 ipaum
520 983 604 1008 cum
626 981 765 1017 magna
796 969 900 1015 igno-

124 1024 240 1061 minia
266 1023 305 1059 in
325 1022 493 1068 patibulo
521 1019 827 1065 suspenderunt3
860 1016 899 1051 in

123 1072 258 1119 prima,
282 1071 505 1106 vestimenta
530 1078 597 1103 sua
617 1066 655 1102 in
676 1065 735 1101 via
761 1068 901 1100 strave-

123 1122 224 1165 runt,
245 1119 283 1154 in
311 1117 487 1159 secunda,
511 1116 696 1151 Christum
730 1112 806 1148 suis
838 1122 900 1147 ve-

125 1167 246 1204 stibus
263 1164 582 1210 exspoliaverunt3
596 1161 633 1197 in
643 1161 765 1207 prima
778 1170 901 1195 ramos

125 1215 308 1250 olivarum
332 1217 368 1247 et
406 1212 617 1257 palmarum
642 1208 712 1244 sibi
750 1205 900 1243 obviam

123 1263 383 1308 portaverunt,
405 1259 444 1294 in
476 1257 641 1293 secunda
668 1255 795 1301 spinas
817 1264 902 1289 acu-

125 1308 291 1345 tissimas
313 1307 394 1352 eius
410 1305 521 1352 cupiti
536 1304 756 1346 affixerunt;
774 1302 812 1337 in
830 1300 903 1347 pri-

126 1367 187 1392 ma
218 1355 504 1401 appellaverunt
537 1362 636 1395 eum,
660 1352 816 1395 Regem,
860 1348 901 1383 in

124 1403 290 1440 secunda
312 1402 545 1447 negaverunt
577 1409 678 1439 eum,
702 1397 870 1433 ‹lit-entes
891 1408 900 1430 :

124 1453 204 1489 Non
224 1451 393 1485 habemus
409 1458 539 1491 reqem,
558 1448 633 1482 nisi
651 1447 842 1482 Caesarem:
866 1443 903 1478 in

123 1498 246 1545 prima
265 1496 550 1543 appellaverunt
571 1503 655 1529 eum
677 1491 807 1528 mundi
829 1491 904 1526 Sal-

123 1549 306 1587 vatorem,
337 1544 503 1579 dicentes
530 1553 537 1577 :
562 1543 751 1584 Hosmma,
783 1538 821 1573 id
848 1541 905 1573 cst

123 1595 245 1633 salva,
260 1592 414 1633 obsecre,
430 1590 468 1625 in
487 1588 654 1625 secunda
673 1588 905 1632 negaverunt

124 1640 247 1687 ipsum
268 1639 514 1679 Salvatorem,
526 1635 589 1681 qui
607 1635 782 1671 dixerunt
800 1633 903 1679 quod

124 1689 291 1734 seipsum
313 1686 459 1722 salvare
478 1695 554 1720 non
577 1686 750 1729 poterat3
767 1681 806 1716 in
828 1680 904 1726 pri-

126 1746 188 1772 ma
209 1734 383 1771 dixerunt
403 1732 525 1777 ipsum
547 1741 629 1766 esse
648 1729 901 1771 benedictum,

128 1787 166 1819 et
185 1782 224 1818 111
245 1783 397 1818 nomine
419 1778 582 1819 Dominix
613 1777 757 1813 scilicet
782 1776 903 1810 Patris

129 1831 278 1866 venisse
321 1828 359 1863 in
406 1826 589 1862 mundum
609 1853 617 1869 ,
660 1823 697 1859 in
740 1822 903 1858 secunda

125 1877 300 1913 dixerunt
314 1875 436 1921 ipsum
448 1884 531 1909 esse
544 1872 846 1913 malefactorem,
867 1874 904 1905 et

124 1924 210 1960 ideo
232 1935 270 1960 sc
292 1921 490 1958 tradidisse
509 1931 610 1959 eum,
637 1922 673 1954 et
694 1918 814 1954 crucis
834 1927 902 1962 pa-

125 1971 245 2008 tibulo
281 1969 529 2016 affigendum.
560 1970 654 2003 Ecce
682 1968 823 2012 quanta
844 1966 901 1999 in-

125 2018 312 2056 stabilitas
326 2017 363 2052 in
378 2016 458 2052 istis
476 2015 565 2052 fuit!
590 2013 676 2061 quia
692 2023 804 2059 quem
824 2014 903 2047 tan-

126 2069 205 2102 tum
236 2066 530 2107 honoraverunt,
566 2064 652 2108 post
696 2059 900 2103 modicum,

126 2112 379 2159 ignominiose
411 2112 682 2147 tractaverunt.
708 2107 780 2144 Sed
813 2117 902 2152 pro-

124 2164 209 2208 pter
242 2161 372 2207 gloriae
402 2158 697 2205 processionem,
720 2154 903 2199 majorem

125 2207 256 2245 habuit
279 2219 321 2244 ex
340 2204 585 2252 consequenti
609 2202 792 2249 vituperio
819 2212 903 2237 ‹eon-

128 2255 329 2292 fusionem.
358 2254 463 2291 Unde
492 2252 729 2289 Bernardus:
769 2247 903 2292 «Quid

126 2303 195 2339 suit
216 2303 317 2349 quod
352 2300 635 2348 processionem
669 2298 813 2334 habere
833 2307 901 2331 vo-

126 2350 208 2397 luit,
230 2349 293 2397 qui
312 2360 398 2386 mox
430 2349 596 2386 futuram
622 2348 778 2383 noverat
810 2345 900 2380 Pas-

972 206 1151 245 sionem?
1182 203 1377 240 Provossio
1420 202 1571 248 quidem
1608 197 1744 235 merito

970 256 1263 302 repricsentatur
1290 250 1416 294 hodie,
1445 250 1534 295 quia
1557 247 1668 283 liodie
1691 248 1744 282 t'a-

972 308 1030 340 cta
1059 302 1138 338 suit.
1172 300 1296 336 Passio
1319 309 1405 334 vero
1426 308 1492 331 cur
1519 296 1648 331 addita
1676 298 1744 335 cst,

972 361 1083 397 quam
1101 352 1202 384 sexta
1225 346 1315 383 seria
1343 347 1489 380 constat
1519 354 1601 378 esse
1629 353 1744 377 seru-

972 405 1047 434 10111
1064 396 1081 435 ἶ)
1098 398 1284 438 Fortasse,
1302 396 1341 429 ut
1354 392 1520 428 amarior
1539 394 1636 425 essct
1658 391 1746 425 l‘as-

972 446 1039 487 sio,
1058 454 1168 490 quam
1187 440 1376 489 processio
1396 436 1660 485 pi‘zucessisset.
1677 437 1749 471 »Et

971 494 1107 529 iterum
1131 507 1137 528 :
1162 505 1180 523 (ι
1204 492 1282 526 Nou
1303 488 1381 523 siue
1409 496 1523 521 causa
1553 488 1629 519 tam
1653 494 1747 518 nova

972 540 1162 586 processio
1180 537 1275 572 mira
1297 535 1458 581 quadam
1479 531 1747 577 conjunctione

973 587 1124 624 additur
1137 583 1320 621 Passioni.
1335 583 1426 618 Nam
1437 580 1628 627 processio
1644 577 1748 623 plan-

972 645 1054 671 sum
1087 634 1224 676 haben
1261 629 1387 666 Passio
1419 638 1507 664 vero
1543 627 1748 672 planctum.

972 683 1175 719 Videamus
1198 678 1287 725 quid
1309 677 1477 713 conserat
1502 674 1575 709 ista
1596 672 1752 718 conjun-

973 730 1058 766 ctio.
1083 727 1215 773 Utique
1235 729 1274 763 ut
1292 722 1529 761 discamusin
1550 720 1652 756 nulla
1674 729 1751 754 um-

974 787 1088 823 quam
1106 776 1217 821 hujus
1237 772 1352 809 seculi
1380 770 1512 807 laetitia
1538 769 1680 804 habere
1699 767 1750 801 ti·-

974 823 1138 867 duriam,
1172 821 1334 857 scientes
1367 819 1547 864 quoniam
1588 819 1750 851 eaetrema

973 872 1104 915 {laudii
1137 871 1254 905 luctus
1290 870 1466 912 occupem
1513 864 1579 900 sed
1619 862 1657 898 in
1692 861 1752 896 die

974 920 1175 959 bonorum,
1214 927 1292 951 non
1347 914 1590 950 immemores
1635 909 1752 944 simus

976 966 1172 1001 malorum.
1193 964 1257 999 His
1278 963 1378 999 enim
1398 961 1551 997 mixtum
1574 960 1630 994 est
1656 968 1752 1003 pran-

975 1024 1063 1049 sens
1084 1013 1266 1055 seculum,
1290 1021 1365 1047 11011
1404 1006 1640 1045 secularibus
1666 1009 1751 1039 tan-

974 1065 1068 1105 tum,
1104 1060 1169 1096 sed
1206 1059 1319 1095 etiam
1357 1054 1613 1103 spiritualibus
1648 1051 1751 1087 viris.

976 1109 1077 1153 Ideo,
1095 1107 1159 1153 qui
1175 1106 1287 1152 coepit
1300 1105 1404 1152 prius
1420 1104 1541 1139 facere
1557 1110 1667 1147 quani
1685 1100 1751 1134 do-

976 1167 1074 1199 cere,
1103 1166 1177 1190 non
1211 1154 1322 1189 modo
1359 1151 1498 1194 verbis,
1533 1149 1599 1185 sed
1639 1146 1752 1183 etiam

977 1202 1155 1249 exemplis
1177 1201 1393 1243 ostendens,
1417 1198 1505 1244 quia
1531 1197 1646 1233 omnis
1671 1205 1753 1229 caro

976 1254 1112 1295 firmum
1134 1256 1165 1285 ef
1187 1251 1302 1285 omnis
1324 1248 1443 1291 ,qlorz'd
1463 1246 1540 1291 ejus
1562 1243 1671 1289 quasi
1690 1244 1754 1286 flos

975 1301 1077 1343 faeni,
1097 1295 1347 1344 processionis
1368 1293 1484 1329 voluit
1499 1291 1619 1338 gloria
1636 1288 1754 1325 subli-

978 1347 1088 1389 mari,
1117 1344 1268 1390 quando
1300 1342 1369 1378 sibi
1388 1341 1588 1377 imminere
1610 1347 1754 1382 cogno-

978 1394 1030 1428 vit
1048 1393 1146 1428 diem
1169 1388 1536 1436 ignominiosissimae
1551 1383 1752 1432 passionis.

977 1440 1246 1486 Spirilualibus
1269 1441 1395 1473 autem
1422 1435 1638 1481 spiritualia
1659 1443 1753 1467 com-

976 1491 1157 1534 parantur
1180 1499 1188 1520 :
1211 1485 1249 1520 in
1266 1483 1505 1531 processione
1522 1480 1755 1527 quidemcoe-

977 1534 1082 1571 lestis
1094 1533 1226 1580 patrias
1239 1534 1556 1578 repraesentamus
1574 1528 1731 1575 gloriam
1744 1537 1753 1570 ;

976 1583 1015 1618 in
1038 1581 1217 1618 Passionc
1235 1591 1337 1623 vero,
1357 1581 1613 1614 monstramus
1640 1574 1754 1610 viam.

978 1632 1017 1666 In
1043 1627 1280 1674 processione
1315 1628 1503 1672 rapiemur
1537 1625 1577 1659 in
1598 1622 1756 1658 nubibus

977 1679 1120 1714 obviam
1145 1678 1286 1713 Christo
1308 1676 1346 1710 in
1368 1684 1479 1712 (cerm
1504 1671 1654 1718 quando
1691 1680 1755 1705 su-

978 1726 1156 1771 scipietur
1176 1723 1215 1759 in
1235 1719 1377 1759 coele'sti
1414 1719 1624 1757 Jerusalem
1646 1716 1752 1754 (31111-

978 1776 1058 1808 stus
1080 1770 1276 1815 Dominus,
1300 1767 1617 1815 applaudentibus
1635 1768 1670 1800 et
1692 1775 1752 1800 ae·-

977 1819 1229 1856 clamantibus
1249 1817 1412 1862 undique
1434 1814 1582 1862 populis
1613 1812 1754 1848 utrius-

977 1878 1048 1913 que
1085 1863 1328 1908 Testamenti,
1354 1865 1461 1908 quasi
1483 1862 1545 1908 qui
1566 1860 1756 1907 praecede-

977 1915 1069 1949 bant
1087 1916 1123 1949 et
1144 1912 1207 1958 qui
1230 1911 1485 1958 sequ‹›banuw
1508 1922 1518 1944 .·
1540 1908 1757 1944 Benedictus

978 1964 1042 2007 qui
1060 1963 1160 1996 venit
1181 1962 1219 1995 z'n
1240 1961 1382 1994 nomine
1404 1959 1562 1993 Domini.
1594 1957 1634 1991 In
1660 1964 1757 2000 pro-

977 2008 1147 2044 cessione
1169 2005 1418 2042 considerasti
1451 2015 1523 2050 quo
1545 2012 1755 2050 properan-

977 2056 1065 2092 dum
1082 2054 1141 2094 sit.
1165 2054 1267 2090 disce
1295 2053 1334 2088 in
1355 2052 1535 2089 Passione
1564 2061 1636 2096 quo
1669 2059 1757 2085 eun-

977 2104 1066 2139 dum
1084 2104 1144 2138 sit.
1157 2100 1364 2138 Tribulatio
1386 2100 1489 2135 enim
1511 2108 1677 2145 praesens
1692 2095 1752 2131 via

976 2152 1061 2186 vitae
1073 2153 1142 2194 est,
1154 2149 1213 2185 via
1227 2148 1370 2195 gloriae,
1383 2147 1443 2183 via
1454 2147 1561 2192 regni
1581 2143 1756 2180 coelestis.

977 2197 1231 2234 Tolerabilem
1271 2196 1431 2242 proinde
1470 2195 1641 2230 laborem
1684 2193 1755 2227 Pas

979 2245 1226 2282 sionisreddit
1246 2243 1368 2290 gloria
1386 2240 1655 2289 processionis,
1671 2249 1758 2285 quo-

980 2293 1083 2329 niam
1105 2291 1249 2376 aglnanti
1267 2291 1361 2328 1111111
1380 2293 1436 2327 est
1450 2289 1623 2327 difficile:
1642 2301 1659 2321 1)
1677 2289 1758 2322 neec

982 2343 1123 2377 Bernar
1153 2350 1209 2376 us.

857 2494 1029 2532 ORATIO

153 2667 161 2674 ·
180 2619 337 2656 Domine
353 2621 443 2656 Jesu
464 2619 624 2663 Christe,
646 2616 709 2664 qui
733 2615 846 2651 verbo
867 2617 904 2650 et
923 2613 1090 2660 exemplo
1112 2612 1232 2659 magis
1253 2610 1411 2648 docuisti
1435 2620 1503 2646 nos
1526 2609 1618 2645 flere
1643 2618 1756 2654 quam

131 2668 269 2713 ridere,
287 2668 442 2704 obsecro
457 2671 492 2703 te
510 2677 577 2713 per
594 2664 829 2702 beatissimas
848 2662 1042 2708 lacrymas,
1062 2664 1098 2697 et
1115 2671 1245 2697 omnes
1264 2659 1526 2695 miserationes
1545 2662 1641 2697 tuas,
1664 2656 1756 2691 doce

132 2726 192 2769 1110
212 2719 253 2768 ut
272 2719 424 2762 peccata
441 2725 527 2751 mea
547 2717 584 2750 et
603 2711 769 2760 pericula
788 2708 1024 2746 imminentia
1046 2719 1194 2755 semper
1213 2707 1362 2744 videam
1379 2709 1416 2743 et
1442 2713 1684 2751 cognoscam3
1710 2712 1756 2737 ne

132 2764 276 2800 inimici
297 2763 385 2809 mei,
408 2761 551 2800 scilieet
569 2762 783 2799 daemonum
812 2756 1086 2805 suggestiones,
1105 2754 1372 2804 temporalium
1392 2763 1518 2790 rerum
1538 2750 1755 2798 pulchritu-
