1907 3139
744 164 764 196 E
772 165 793 196 'l'

181 233 227 269 sti
246 231 442 278 patientia,
462 242 610 267 necnon
632 232 795 277 prodito-

181 279 234 315 ris
253 279 422 315 audacia.

155 329 176 369 4
195 327 345 363 Scelera
392 328 428 362 ct
469 326 638 362 futurum
689 327 794 364 Judae

181 373 421 420 supplicium.

156 423 175 456 5
193 420 441 466 Interrogatio
459 421 566 458 Judie
594 424 630 456 ct
656 421 792 458 Christi

181 479 391 515 responsio.

154 518 174 551 6
195 516 365 552 Christus
389 516 624 563 proditorem
657 518 793 554 Joaniii

180 563 302 616 tacite,
326 564 391 600 sed
420 567 551 611 aperto
582 564 703 612 signo,
732 576 793 602 ex-

178 615 320 657 primit.

834 165 1131 198 NUMERORUM.

846 284 864 317 vl

868 285 888 318 01

844 305 850 315 ¹
893 298 913 329 9

844 379 863 412 01

868 379 887 411 01

893 394 912 424 z:

845 474 914 515 ὄζμ)

845 616 913 657 540

1018 250 1036 282 7
1055 236 1215 271 Joannis
1234 237 1477 282 Evangelistin
1498 240 1537 275 iii
1552 240 1654 277 Chri-

1039 285 1136 318 stum
1158 292 1278 327 am0r‚
1301 287 1337 318 ct
1359 284 1598 333 privilegium
1621 288 1654 325 ei

1040 340 1275 366 concessum.

1014 377 1209 424 8Accepta
1259 379 1427 416 buccella
1447 411 1456 425 ,
1497 383 1653 420 Satanas

1039 423 1154 462 intrat
1179 427 1215 461 in
1237 426 1387 463 Judam.

1016 487 1035 519 9
1055 472 1257 510 Permissio
1314 473 1498 520 proditori

1040 519 1232 566 ipsiusque
1253 532 1438 567 egressus.

997 581 1037 602 10
1057 566 1154 610 Quid
1181 568 1302 613 signat
1329 570 1518 614 separatio
1545 572 1651 608 Judae

1039 615 1086 651 ab
1104 614 1189 651 aliis
1211 615 1400 663 discipulis
1414 617 1432 652 ⁶?

1564 478 1653 514 data

363 701 514 737 CAPUT
532 702 621 738 LVI.
652 721 689 727 «-
710 705 761 738 De
780 705 1013 740 institutione
1041 708 1265 742 sacramenti
1283 708 1542 744 Eucharistiae.

157 797 165 818 i
199 778 370 817 Christus
391 777 667 815 Eucharistiani
691 778 795 815 insti-

178 828 320 865 tuendo
333 827 519 873 legalibus
535 825 733 863 sacrificiis
750 827 792 862 fi-

178 886 264 912 nem
285 874 461 921 imponit.
544 920 550 926 .

156 937 174 960 2
196 923 317 960 Verba
340 922 654 958 consecrationis.

155 974 176 1007 5
197 970 412 1008 Gratiarum
450 969 563 1012 actm,
607 971 793 1016 panisque

179 1020 327 1056 fractio.
582 1062 588 1068 .

154 1070 176 1110 li
197 1067 425 1103 Laudandus
446 1066 561 1103 etiam
578 1075 618 1099 in
633 1065 792 1102 tribula-

176 1114 278 1150 tione
323 1113 520 1159 Dominus,
560 1112 793 1160 participan-

177 1162 342 1207 dumque
363 1160 484 1208 ipsius
513 1161 632 1197 calici.
770 1207 776 1213 .

152 1212 172 1244 5
195 1211 267 1246 Cur
288 1210 356 1245 sub
378 1208 517 1254 duplici
542 1208 667 1255 specie
688 1206 794 1243 insti-

174 1259 296 1293 tutum
323 1257 435 1292 fuerit
455 1255 704 1293 Eucharistiae
731 1266 792 1292 sa-

177 1309 413 1340 cramentum
428 1304 446 1339 '?

151 1355 171 1387 6
192 1351 280 1388 Tria
302 1352 339 1387 in
366 1351 438 1387 hoc
463 1355 718 1388 sacramento.

843 1305 912 1346 54ss

844 1353 913 1393 546

1013 797 1032 828 7
1051 783 1191 818 Novem
1213 787 1249 819 et
1272 783 1310 820 in
1331 795 1375 821 eo
1394 785 1584 823 mirabilia

1010 832 1030 865 8
1052 830 1293 868 Eucharistia
1331 836 1388 868 est
1424 844 1657 870 monumen—

1035 880 1117 913 tum
1139 889 1205 913 seu
1226 880 1450 917 memoriale
1472 881 1634 920 Domini.

1012 939 1032 971 9
1054 926 1285 978 Praeparatio
1301 927 1348 963 ad
1367 931 1536 964 sanctam
1558 941 1656 966 com-

1029 982 1259 1009 munionem.

992 1033 1032 1054 10
1054 1019 1191 1056 Ultima
1223 1032 1330 1058 coena
1350 1023 1596 1069 praefigurata
1616 1025 1652 1062 in

1034 1077 1188 1111 manna,
1209 1067 1247 1104 in
1267 1080 1364 1115 agno
1381 1071 1536 1117 pascali,
1560 1076 1596 1108 et
1615 1073 1653 1109 in

1035 1114 1228 1151 oblatione
1250 1118 1539 1155 Melchisedech.

993 1176 1029 1198 ιι
1055 1162 1168 1198 Facta
1199 1165 1446 1202 contentione
1468 1166 1567 1203 inter
1590 1167 1653 1204 di—

1036 1208 1215 1255 scipulos,
1239 1211 1422 1249 Dominus
1444 1212 1499 1250 eis
1527 1214 1652 1252 humi-

1034 1255 1182 1293 litatem
1206 1262 1461 1299 commendat.

992 1316 1030 1339 12
1049 1304 1228 1341 Praedicit
1243 1307 1414 1345 Christus
1427 1311 1651 1356 negationes

1035 1351 1151 1397 Petri,
1169 1356 1206 1389 et
1223 1354 1351 1401 fugam
1362 1355 1647 1405 discipulorum.

357 1491 507 1526 CAPUT
527 1490 633 1526 LVII.
655 1509 698 1514 -—
718 1491 768 1523 De
786 1497 948 1523 sermone
962 1491 996 1523 et
1011 1489 1177 1526 oratione
1197 1494 1346 1529 Domini
1359 1496 1399 1530 in
1418 1506 1529 1532 coena.

155 1582 166 1603 1
191 1567 264 1603 Cur
298 1568 384 1612 post
431 1564 540 1602 Judae
579 1563 790 1600 discessum

172 1623 296 1650 sermo
317 1612 498 1650 habitus?

153 1662 378 1698 2Docemur
409 1670 486 1696 non
543 1658 690 1695 turbari
744 1659 811 1694 de‘

177 1711 299 1744 morte
319 1707 459 1744 fidelis.
657 1751 664 1758 ι

153 1758 174 1792 5
195 1756 465 1792 Cont'ortantur
492 1752 666 1806 discipuli
690 1762 792 1805 „pace

171 1813 286 1849 quam
309 1802 363 1839 eis
386 1801 570 1847 relinquit
591 1802 789 1853 Dominus,

171 1854 208 1887 et
245 1849 500 1896 promissione
541 1848 627 1884 coeli
669 1848 788 1894 Spiri-

169 1901 307 1944 tusque
331 1896 471 1934 Sancti.
492 1938 498 1942 ‚
765 1942 772 1948 ·

145 1949 166 1990 4
175 1946 410 1992 Praeceptum
425 1943 593 1981 caritatis
605 1954 677 1989 quo
688 1943 791 1979 Chri-

169 1993 281 2029 stiani
302 1992 558 2039 cognoscendi
579 1994 681 2027 sunt.
706 2037 713 2043 ι

148 2044 167 2077 5
183 2039 320 2076 Dilexit
331 2051 400 2077 nos
416 2039 586 2078 Christus
606 2040 789 2075 Dominus

170 2087 384 2133 tripliciter.

149 2139 170 2171 6
197 2135 311 2181 Signa
337 2134 565 2171 dilectionis.

153 2198 172 2229 7
194 2181 368 2223 Caritatis
397 2181 635 2218 excellentia.
657 2228 663 2235 ·

149 2233 169 2266 8
188 2230 452 2266 Mandatorum
474 2231 704 2266 observatio.

147 2292 167 2324 9
186 2278 302 2314 Amor
316 2276 383 2313 Dei
405 2289 481 2314 non
500 2278 611 2314 debet
625 2287 694 2313 nec
708 2279 789 2323 pot-

171 2328 228 2361 est
249 2335 332 2361 esse
355 2324 511 2361 otiosus.

126 2386 167 2408 10
190 2371 390 2408 Patientiae
425 2371 720 2416 commendatio,
745 2382 789 2407 eo

170 2420 270 2464 quod
301 2418 473 2455 Christus
511 2423 547 2455 et
583 2419 662 2464 ipse
700 2418 786 2455 odio

170 2466 242 2502 fuit
262 2466 447 2503 obnoxius
465 2470 501 2503 et
522 2466 676 2503 tristitia
696 2476 789 2502 ver—

174 2516 279 2549 tetur
298 2513 336 2548 in
356 2514 550 2560 gaudium.

132 2576 167 2597 ιι
194 2559 408 2598 Similitudo
444 2560 614 2598 mulieris
653 2563 783 2608 partu-

173 2607 320 2645 rientis.

127 2668 167 2691 12
189 2655 298 2691 Pacis
319 2657 356 2692 et
375 2655 523 2693 fiduciae
538 2656 579 2693 in
594 2655 786 2694 Christum

170 2702 462 2740 commendatio.

836 2610 904 2655 559

835 2705 903 2739 560

988 1567 1028 1600 15
1051 1564 1244 1604 Orationis
1265 1570 1417 1606 Domini
1443 1575 1529 1617 post
1562 1572 1649 1608 ulti-

1031 1621 1132 1649 mam
1152 1624 1301 1652 coenam
1327 1618 1507 1656 rationes.

988 1662 1028 1703 14
1047 1660 1188 1713 Primo,
1212 1663 1381 1701 Christus
1401 1670 1485 1703 orat
1503 1677 1571 1713 pro
1595 1678 1650 1704 se-

1031 1711 1206 1754 metipso.

988 1757 1027 1790 15
1053 1756 1238 1802 Secundo,
1269 1758 1439 1796 Christus
1469 1765 1553 1798 orat
1581 1773 1650 1810 pro

1019 1803 1230 1850 ‚Apostolis

989 1852 1028 1885 16
1047 1850 1137 1887 Orat
1156 1855 1192 1888 et
1210 1863 1278 1899 pro
1299 1854 1435 1891 tuturis
1452 1856 1645 1899 fidelibus,

1029 1901 1071 1934 ut
1090 1897 1164 1934 sint
1184 1902 1435 1938 consummati
1452 1903 1490 1939 in
1512 1915 1642 1942 unum.

987 1960 1026 1992 17
1047 1946 1145 1982 Petit
1160 1947 1322 1994 denique
1336 1950 1643 1997 conjunctionem

1030 1994 1288 2031 membrorum
1309 1997 1357 2032 ad
1373 2001 1496 2044 caput.

987 2043 1027 2077 18
1049 2042 1168 2088 Hujus
1190 2043 1376 2080 orationis
1392 2046 1542 2083 Domini
1565 2048 1646 2084 dul-

1030 2089 1120 2125 cedo
1143 2093 1180 2125 et
1196 2090 1380 2128 efficacia.

986 2150 1026 2183 19
1045 2136 1193 2173 Ultimas
1213 2148 1330 2175 coenae
1359 2141 1592 2178 excellentia.

983 2197 1026 2220 20
1043 2184 1180 2220 Gratiis
1199 2188 1285 2232 post
1304 2197 1448 2224 coenam
1469 2190 1642 2235 redditis,

1028 2232 1225 2276 egreditur
1244 2234 1443 2271 Dominus.

981 2291 1018 2315 21
1052 2279 1165 2316 Vallis
1203 2281 1386 2327 Josaphat
1425 2288 1461 2319 et
1510 2284 1643 2321 hortus

1027 2326 1285 2372 Gethsemani,
1309 2329 1371 2365 ubi
1409 2329 1447 2366 in
1474 2332 1646 2369 oratione

1025 2378 1251 2427 pernoctare
1285 2383 1531 2416 consueverat
1571 2381 1644 2416 Do-

1024 2431 1165 2459 minus.

981 2480 1023 2504 22
1045 2470 1214 2516 Mystice‚
1238 2473 1283 2508 de
1315 2475 1521 2511 mundanis
1542 2486 1646 2521 egre-

1024 2516 1060 2552 di
1084 2518 1267 2555 debemus
1287 2522 1323 2556 et
1342 2520 1398 2558 ire
1419 2521 1459 2559 in
1476 2526 1643 2560 montem

1023 2563 1169 2601 Oliveti.

976 2613 1019 2646 25
1043 2611 1215 2659 Quinque
1247 2615 1429 2653 virtutum
1459 2617 1642 2664 exempla,

1021 2668 1104 2704 quae
1138 2671 1208 2697 nos
1247 2662 1362 2700 docet
1390 2663 1573 2700 Dominus
1605 2664 1643 2700 in

1021 2706 1152 2744 ultima
1172 2719 1292 2746 coena.

425 2806 755 2832 ABBATISVILLAE-
796 2815 835 2821 ·-
880 2806 1003 2836 TYPIS
1038 2811 1231 2838 GUSTAVE
1274 2814 1454 2839 RETAUX.

1713 175 1771 207 383
