1855 3139
609 156 661 192 DE
699 158 947 195 SANATIONE
985 162 1214 198 LL'N'ATICI.

103 229 258 270 arguere
289 228 326 261 et
360 225 563 272 depellere,
590 227 655 263 sed
685 228 878 267 hominem

102 273 262 308 amando
275 272 444 309 refovere
457 277 493 310 et
504 275 732 313 confortare.
745 276 879 314 Exiens

101 328 188 354 vero
220 319 369 355 daemon
406 321 453 357 ab
488 321 640 359 homine
671 334 879 370 numquam

97 367 309 411 revertitur,
333 366 363 403 si
396 369 509 405 homo
544 381 607 406 cor
628 381 738 408 suum
774 373 877 410 clave

98 412 321 450 humilitatis
365 418 401 452 et
444 416 611 454 caritatis
656 421 876 457 servaverit.

94 459 265 497 Exiturus
291 467 418 499 autem
445 464 625 511 discerpit
652 477 752 513 eum,
774 468 876 515 quia,

97 507 186 543 dum
214 508 260 545 de
284 511 396 547 corde
424 512 636 559 expellitur,
658 514 822 552 acriores
839 516 878 552 in

97 564 141 590 eo
159 556 388 594 tentationes
407 564 584 605 generat;
605 564 640 597 et
656 561 838 600 liberatus
856 575 879 600 a

97 602 269 640 daemone
298 606 400 642 velut
427 612 597 644 mortuus
622 609 783 655 videtur,
814 611 878 658 qui

97 649 198 686 enim
212 654 365 689 terrena
381 654 570 692 desideria
591 657 752 703 subegit,
765 659 878 696 vitam

95 696 135 733 in
163 709 203 734 se
223 701 385 737 carnalis
406 704 705 741 conversationis
731 707 878 743 exstin-

97 744 199 790 guit,
237 750 274 783 et
314 750 454 786 mundo
498 754 670 788 mortuus
707 758 875 800 apparet.

97 793 213 836 Quem
240 797 366 832 autem
393 797 513 833 hostis
539 802 688 836 mortuo
717 801 878 838 similem

94 841 272 887 reddidit,
294 843 393 880 hunc
420 845 590 882 Salvator
615 846 685 891 piae
715 849 877 887 dexterae

96 891 196 924 tactu
220 891 393 934 elevavit,
416 892 454 928 in
475 904 548 939 quo
576 896 790 933 ostenditur
812 897 878 934 Dei

95 935 300 982 auxilium‚·
323 942 360 974 et
393 940 566 985 surrexit,
588 940 627 977 in
657 953 729 988 quo
763 955 878 981 mon—

95 986 236 1020 stratur
257 985 422 1023 hominis
435 988 599 1025 studium
617 990 761 1036 :primo
776 992 878 1029 enim

95 1031 191 1066 Deus
214 1043 281 1068 nos
297 1033 418 1080 juvat,
437 1035 573 1072 deinde
589 1048 609 1072 a
633 1039 739 1075 uobis
756 1040 880 1086 requi-

94 1077 192 1114 ritur
213 1083 253 1115 ut
277 1081 416 1118 bonurn
439 1094 654 1128 operemur.

141 1129 162 1162 5
187 1127 311 1164 GRANO
338 1141 474 1166 SINAPIS
502 1143 601 1167 Fines
628 1144 874 1171 courAniiTcn.

91 1193 137 1199 —
157 1176 217 1216 Et,
237 1187 316 1212 cam
331 1179 517 1214 introisset
529 1181 568 1215 in
582 1180 742 1225 domum,
763 1182 875 1218 disci-

88 1222 174 1267 puli
192 1222 270 1268 ejus
284 1229 418 1261 secreto
433 1228 711 1272 interroqabant
724 1231 845 1265 Jesum
864 1242 874 1265 ι

92 1268 212 1311 Quare
225 1281 290 1307 nos
306 1283 378 1308 non
389 1276 578 1319 potuimus
592 1275 723 1320 ejicere
739 1277 845 1312 illam
857 1279 875 1312 ?

90 1318 139 1352 Et
160 1317 261 1354 dioeit
281 1318 355 1355 illis
378 1332 386 1357 ;
406 1322 559 1367 Propte7²
578 1323 875 1360 incredulitatem

93 1368 265 1402 vestram.
280 1367 360 1403 Non
376 1368 550 1405 dicuntur
563 1369 735 1417 discipuli
755 1370 876 1408 incre-

93 1411 171 1447 duli
210 1418 366 1460 propter
409 1415 595 1452 desectum
636 1417 737 1462 fidei,
779 1420 875 1455 sicut

91 1459 225 1504 Judaei,
248 1462 313 1497 sed
338 1468 492 1509 propter
516 1464 778 1501 remissionem
799 1466 873 1502 ser-

92 1506 193 1543 voris
207 1519 214 1543 :
228 1518 314 1544 narn
326 1509 439 1545 fidem
453 1511 650 1548 remissam
666 1513 871 1559 habebant,

91 1564 167 1590 non
194 1557 290 1591 sicut
315 1567 477 1602 granum
508 1559 660 1606 sinapis,
685 1560 772 1606 quia
798 1572 873 1597 non

91 1612 175 1638 cum
189 1602 315 1639 debito
330 1605 478 1642 fervore
493 1607 711 1652 credebant,
723 1612 760 1644 ut
775 1619 871 1655 prae-

89 1648 197 1695 cipue
244 1649 315 1697 ipsi
361 1653 485 1689 facere
527 1654 730 1691 debebant.
773 1656 869 1692 Nihil

87 1696 187 1732 enim
208 1696 440 1744 impossibile
459 1700 529 1737 erit
547 1702 699 1738 habenti
724 1704 872 1740 serven-

87 1747 164 1780 tem
196 1745 325 1791 fidem,
346 1750 383 1783 et
414 1758 482 1794 per
508 1749 747 1787 dilectionem
786 1763 872 1798 ope-

88 1795 252 1837 rantem,
276 1794 336 1829 cui
365 1806 571 1841 numquam
599 1797 737 1833 sufficit
771 1799 871 1844 quod

88 1839 184 1875 bene
214 1841 341 1886 gessit.
370 1843 535 1879 Granum
560 1844 697 1890 quippe
730 1845 870 1892 sinapis

89 1890 145 1922 est
170 1887 377 1932 modicum,
406 1889 604 1935 fervidum,
634 1903 805 1928 amarum
835 1897 871 1929 ct

88 1934 223 1970 veneni
244 1936 489 1981 expulsivum.
508 1939 549 1973 In
570 1939 640 1975 hoc
659 1950 748 1985 ergo
771 1941 871 1986 quod

90 1980 150 2016 hic
185 1987 379 2029 comparat
412 1985 527 2021 fidem
562 1997 678 2032 grano
715 1987 870 2034 sinapis,

86 2027 210 2065 innuit
249 2031 348 2076 quod
390 2032 528 2068 debent
562 2035 701 2070 habere
733 2035 866 2073 fidem:

88 2076 289 2120 modicam,
303 2089 371 2124 per
385 2080 635 2117 humilitatem
649 2093 658 2126 ;
673 2082 869 2128 fervidam,

86 2133 155 2169 per
174 2124 439 2171 devotionem;
464 2138 647 2173 amaram,
672 2140 737 2174 per
760 2130 872 2167 trihu-

88 2170 271 2208 lationum
294 2174 598 2220 pe1·pcssionem;
619 2178 751 2213 veneni
771 2189 872 2213 erro-

85 2219 137 2254 ris
156 2220 403 2266 expulsivam,
425 2232 492 2268 per
514 2223 784 2261 sinceritatem.
809 2228 868 2261 Se-

85 2267 248 2302 cundum
269 2268 519 2311 Ambrosium,
542 2281 701 2316 granum
727 2272 870 2319 sinapis

83 2323 145 2349 res
160 2317 217 2350 est
235 2313 405 2362 simplex,
421 2320 457 2353 et
471 2317 500 2352 si
516 2318 650 2354 teritur
669 2319 743 2355 vim
763 2331 868 2356 suam

82 2361 226 2405 l'undit3
256 2362 308 2398 sic
334 2363 430 2400 fides
454 2364 610 2410 simplex
636 2367 799 2412 videtur,
831 2374 868 2404 et

83 2407 114 2443 si
132 2412 315 2445 atteratur
327 2411 510 2457 adversis,
527 2413 687 2458 gratiam
700 2425 777 2451 suae
793 2415 865 2451 vir-

81 2454 172 2492 tutis
193 2457 366 2494 effundit.

130 2506 152 2546 4
196 2504 335 2540 Si-:nvcs
384 2517 537 2543 ixuriLis
581 2520 662 2549 Quis
705 2522 781 2545 Esr.
823 2529 868 2538 —

83 2550 226 2587 Deinde
253 2552 400 2589 reducit
431 2564 494 2590 eos
520 2555 568 2591 ad
595 2556 864 2601 humilitatem,

82 2599 273 2634 monendo
301 2611 348 2636 ne
381 2600 466 2646 quis
500 2603 544 2638 de
573 2603 751 2649 operibus
778 2605 867 2650 glo-

84 2643 219 2690 rietur,
241 2647 307 2682 sed
328 2648 502 2684 humiliet
521 2660 561 2686 se
586 2651 678 2695 Deo,
701 2652 759 2687 cui
781 2653 866 2697 Jure

85 2692 309 2738 obsequium
345 2696 525 2741 debetur,
564 2697 694 2734 dicens
729 2710 737 2734 ι
777 2702 863 2736 Cum

83 2740 246 2783 feceritis
281 2744 415 2787 omnia,
449 2755 529 2789 quae
562 2750 745 2792 praecepta
782 2750 866 2783 sunt

82 2787 198 2828 vobis.
221 2788 345 2832 dicite,
367 2800 442 2827 non
466 2794 615 2830 tantum
642 2804 721 2839 ore,
742 2795 807 2831 sed
829 2798 865 2831 et

1694 165 1733 199 25

952 232 1079 278 corde,
1102 244 1150 270 ne
1170 234 1218 270 sit
1243 237 1389 271 tantuin
1412 235 1550 272 vocalis
1574 236 1732 273 humili-

951 282 1023 326 tas,
1045 280 1111 317 sed
1139 284 1176 318 et
1201 282 1313 318 realis
1336 294 1344 318 z
1369 284 1473 320 Servi
1494 286 1643 321 inutiles
1668 296 1731 320 su·

950 339 1044 370 mus,
1068 330 1166 374 quod
1191 330 1382 366 debuimus
1406 332 1528 375 facere
1555 334 1729 377 fecimus;

951 387 1021 412 nec
1041 387 1107 413 vos
1126 377 1291 423 J'actetis,
1314 378 1404 424 quia
1428 379 1522 415 bene
1541 379 1731 423 servistis;

952 423 1046 459 nihil
1061 423 1162 460 enim
1177 425 1318 461 fecistis
1333 426 1433 472 quod
1446 437 1521 462 non
1533 426 1730 463 debuistis.

952 471 1065 515 Quasi
1076 471 1240 509 diceret:
1254 473 1386 517 Dicite,
1400 473 1561 520 gratiam
1573 485 1648 510 non
1661 485 1734 509 me-

950 520 1117 564 ruimus;
1140 520 1221 565 sed,
1243 520 1411 557 debitum
1433 521 1627 558 servitium
1653 521 1736 557 sol—

953 567 1088 611 vendo,
1109 578 1241 615 poenas
1259 568 1474 605 vitavimus.
1496 569 1582 609 Sed,
1608 580 1628 605 e
1647 579 1734 605 con-

952 617 1024 659 tra,
1064 615 1110 652 de
1148 616 1338 663 superbis3
1375 627 1460 653 cum
1494 627 1735 663 nequaquam

953 662 1093 707 omnia,
1108 663 1174 699 sed
1193 664 1382 700 modicum
1397 665 1487 711 quid
1504 676 1634 701 eorum
1652 675 1734 711 quae

952 714 1142 757 przccepta
1156 714 1241 747 suut
1259 711 1415 757 faciunt,
1426 724 1501 748 non
1514 713 1635 749 solum
1652 723 1736 766 mox

953 758 998 793 de
1020 766 1087 794 sua
1101 758 1249 804 justitia
1268 763 1516 806 praesumunt,
1534 761 1600 796 sed
1621 764 1734 796 etiam

952 804 1126 842 infirmos
1168 817 1337 854 quosque
1383 807 1610 854 despiciunt.
1655 809 1736 861 Non

953 852 1055 889 enim
1092 865 1222 890 sumus
1253 855 1389 900 nostri,
1417 856 1483 892 sed
1511 855 1624 901 servi,
1647 866 1737 909 quia

952 900 1074 947 pretio
1093 912 1230 948 magno
1245 903 1361 949 empti
1379 915 1387 948 ;
1408 906 1444 939 et
1463 914 1553 950 ergo
1573 904 1736 957 Christo,

953 948 1060 994 cujus
1098 949 1219 995 pretio
1259 950 1374 997 empti
1412 962 1554 996 sumus,
1594 961 1736 988 servire

953 998 1141 1041 tenemur,
1156 1001 1192 1033 et
1212 997 1302 1033 nihil
1320 998 1496 1035 omittere
1510 1000 1609 1046 quod
1626 999 1736 1035 debe-

953 1054 1055 1088 mus,
1087 1055 1156 1080 nec
1192 1045 1335 1092 aliquid
1366 1047 1489 1083 facere
1525 1047 1625 1094 quod
1658 1057 1735 1083 non

952 1091 1146 1128 debemus.
1174 1094 1278 1129 Unde
1312 1096 1446 1131 Seneca
1482 1106 1490 1130 z
1528 1109 1546 1128 «
1579 1094 1735 1141 Sapiens

952 1138 1046 1174 nihil
1068 1140 1156 1175 facit
1176 1141 1276 1186 quod
1294 1152 1370 1177 non
1388 1142 1513 1186 debet,
1528 1142 1621 1178 nihil
1642 1153 1736 1189 prae-

951 1186 1126 1223 termittit
1147 1188 1248 1233 quod
1269 1189 1394 1225 debet.
1415 1203 1432 1222 »
1456 1191 1537 1226 Non
1559 1190 1735 1243 dicuntur.¹

952 1233 1105 1270 inutiles
1142 1235 1239 1271 servi
1276 1236 1458 1273 facientes
1494 1239 1577 1283 Jure
1615 1237 1732 1274 debiti

952 1282 1130 1318 mandata
1152 1282 1231 1328 Dei,
1250 1285 1341 1329 quin
1362 1285 1526 1321 fructum
1549 1285 1735 1331 recipiant

950 1328 1035 1364 vitae
1072 1330 1211 1374 beatem
1254 1333 1319 1367 sed
1361 1332 1538 1368 dicuntur
1564 1332 1732 1378 inutiles,

949 1376 1038 1421 quia
1076 1377 1260 1413 Dominus
1297 1379 1483 1416 bonorum
1515 1383 1733 1416 nostrorum

949 1434 1023 1459 non
1040 1423 1184 1470 indiget
1199 1437 1207 1469 ;
1228 1426 1299 1470 vel,
1313 1427 1414 1472 quia,
1427 1439 1498 1464 non
1513 1431 1598 1463 sunt
1613 1428 1733 1463 condi-

947 1482 1026 1515 qme
1045 1474 1233 1517 passiones
1251 1474 1361 1518 hujus
1379 1477 1550 1521 temporis
1567 1476 1617 1510 ad
1633 1477 1735 1518 fatu-

947 1529 1026 1554 ram
1040 1520 1211 1564 gyloriam,
1222 1532 1301 1566 qua¹
1314 1523 1538 1558 revelabitur
1550 1525 1588 1558 in
1607 1524 1731 1567 nobis,-

947 1566 1017 1608 vel,
1056 1568 1145 1612 quia
1183 1569 1342 1614 quisque
1380 1569 1500 1617 magis
1542 1571 1653 1607 debet
1692 1581 1732 1606 se

948 1614 1135 1650 {estimare
1172 1614 1450 1662 imperfectum,
1483 1628 1596 1664 quam
1633 1618 1732 1664 quod

948 1664 1087 1697 statum
1128 1662 1296 1708 attigerit
1332 1665 1591 1710 perfectionis.
1627 1666 1732 1702 Unde

946 1709 1045 1744 Beda
1066 1722 1076 1744 .-
1102 1723 1120 1741 «
1144 1711 1229 1746 Haec
1246 1715 1304 1747 est
1325 1712 1437 1758 igitur
1458 1712 1497 1749 in
1516 1713 1732 1749 hominibus

947 1756 1028 1791 sola
1054 1756 1145 1792 fidei
1175 1758 1372 1804 perfectio,
1395 1760 1425 1795 si
1453 1761 1627 1796 omuibus
1648 1772 1731 1807 quic

947 1808 1137 1850 praecepta
1171 1809 1257 1841 sunt
1283 1806 1462 1852 impletis,
1490 1808 1732 1855 imperfectos

947 1861 987 1886 se
1007 1861 1088 1887 esse
1110 1852 1296 1898 noverint,
1310 1858 1346 1890 et
1366 1855 1546 1900 quamdiu
1562 1855 1729 1902 peregri-

947 1901 1086 1933 nantur
1109 1910 1131 1934 a
1151 1900 1324 1944 Domino,
1345 1913 1494 1948 semper
1514 1903 1584 1939 sibi
1606 1903 1731 1940 inesse

948 1945 1048 1980 mala
1069 1956 1151 1991 quae
1175 1948 1352 1992 defleant,
1373 1960 1523 1996 semper
1546 1950 1731 1987 memine-

948 1991 1023 2027 rint
1041 1992 1172 2030 deesse
1194 1995 1294 2031 bona
1314 1996 1361 2032 ud
1383 2007 1479 2042 quae,
1503 1997 1626 2043 gratia
1649 1999 1731 2044 ejus

942 2039 1112 2085 J'uvantc,
1148 2042 1360 2087 proficiant.
1405 2057 1421 2077 »
1461 2046 1506 2081 Et
1542 2045 1679 2082 iterum
1720 2058 1728 2082 ε

948 2099 966 2119 1(
987 2087 1082 2130 Quia
1106 2087 1186 2124 sine
1211 2100 1269 2126 me
1294 2089 1386 2126 nihil
1409 2092 1566 2138 potestis
1591 2095 1728 2139 tacere,

947 2144 1023 2169 non
1052 2138 1265 2182 temporum
1292 2138 1527 2184 longitudine
1559 2140 1729 2177 laborum

946 2180 1083 2218 merita
1100 2193 1262 2228 pensare
1278 2186 1444 2231 debetis3
1465 2187 1531 2223 sed
1547 2199 1675 2225 amore
1693 2192 1730 2225 et

944 2228 1127 2266 famulatu
1172 2236 1380 2278 spontaneo
1430 2236 1537 2271 novis
1581 2246 1731 2283 semper

944 2275 1078 2312 studiis
1095 2288 1234 2325 augere
1252 2280 1402 2326 priora:
1420 2296 1438 2314 »
1459 2283 1539 2318 haec
1557 2284 1669 2320 Beda.
1686 2286 1731 2320 Et

944 2323 1039 2359 bene
1072 2324 1161 2361 dicit
1201 2338 1208 2362 :
1240 2328 1343 2370 Quod
1380 2330 1570 2365 debuimus
1607 2332 1729 2374 facere

941 2372 1107 2414 fecimus.
1136 2374 1242 2410 Unde
1263 2374 1364 2411 idem
1387 2378 1485 2413 Beda
1508 2391 1518 2413 .·
1544 2394 1561 2410 α
1583 2379 1729 2416 Revera

942 2418 1158 2465 debuimus,
1182 2421 1283 2467 quia,
1307 2423 1370 2469 qui
1394 2435 1470 2460 non
1487 2426 1587 2461 venit
1609 2426 1726 2462 mini-

942 2466 1069 2511 strari,
1092 2468 1159 2504 sed
1187 2468 1418 2516 ministrare,
1442 2472 1633 2509 debitores
1655 2474 1725 2510 sibi

943 2524 1012 2549 nos
1033 2514 1146 2559 secit;
1171 2527 1218 2552 ue
1239 2518 1379 2554 nostris
1406 2518 1580 2556 videlicet
1601 2522 1725 2567 operi-

941 2561 1011 2596 bus
1036 2563 1285 2608 confidentes,
1308 2566 1374 2601 sed
1402 2567 1448 2602 de
1475 2568 1556 2613 ejus
1577 2579 1726 2615 semper

942 2608 1114 2645 examine
1134 2615 1330 2656 paventes,
1353 2624 1436 2650 cum
1458 2615 1648 2661 Propheta
1666 2616 1725 2652 di-

942 2665 1070 2692 camus
1095 2670 1105 2692 .·
1135 2659 1229 2702 Quid
1262 2660 1514 2697 retribuemus
1549 2662 1722 2708 Domino,

940 2712 1008 2748 pro
1030 2705 1205 2741 omuibus
1227 2717 1311 2752 quic
1340 2708 1518 2745 retribuit
1543 2709 1651 2745 nobis
1666 2711 1683 2745 ἱ)
1704 2723 1721 2744 »

940 2751 1021 2786 haec
1056 2753 1169 2788 Beda.
1202 2755 1364 2791 Attende
1403 2755 1462 2791 hic
1499 2757 1595 2793 bene
1623 2758 1722 2802 quod

940 2807 1070 2835 servus
1107 2799 1249 2837 inutilis
1290 2806 1509 2849 reputatur,
1549 2803 1610 2851 qui
1651 2804 1720 2839 hoc
