1907 3139
2 291 3 300 ⁴
0 235 2 240 ἡ
0 0 8 227 wan-„pm

296 178 345 213 ΠΕ
384 179 596 213 TALENTIS
635 181 684 214 ET
722 182 848 219 BONIS
888 186 909 218 A
951 184 1120 218 DOMINO
1158 183 1318 217 SERVIS
1356 184 1583 221 TRADITIS.
1701 189 1761 221 305

125 261 196 301 sat,
230 259 380 304 quando
408 259 455 294 ad
494 259 636 295 bonum
659 261 805 299 invitat.
838 266 905 301 Ne-

123 305 312 351 gotiemnr
333 317 420 351 ergo
443 306 606 342 fideliter
628 308 674 344 de
709 310 818 347 bonis
841 323 905 348 na-

123 356 233 398 turze,
252 353 397 399 gratiae‚
419 357 457 389 et
477 353 637 391 fortunae
658 357 765 393 nobis
788 359 904 404 datis,

122 400 212 446 quia
246 402 292 436 de
323 400 499 437 omnibus
533 402 722 439 rationem
760 406 905 442 redde-

119 458 214 483 mus.
238 449 440 493 Fugiamns
460 448 665 494 pigritiam,
692 452 779 497 quia
796 454 905 499 piger

121 493 246 531 locum
284 496 433 532 diabolo
454 501 658 543 praeparat,
687 503 724 534 et
759 501 905 537 otiosus

120 542 226 588 quasi
266 543 442 589 pulvinar
473 547 530 579 est
561 545 717 591 diaboli⁷
756 547 795 583 in
830 559 903 594 quo

119 590 343 634 requiescat.
373 590 556 627 Omnibus
589 603 738 638 quoque
783 596 904 631 modis

120 637 257 682 quibus
276 649 489 684 possumus,
510 641 763 687 nosmetipsos
775 654 902 679 emen-

120 685 260 729 dando,
279 687 335 721 vel
356 685 451 721 alios
469 687 698 733 adjuvando,
715 690 903 726 talentum

122 733 360 769 li)‹›minicum
407 744 581 779 erogare,
623 740 659 771 et
706 739 901 780 erogando

121 780 371 827 multiplicare
420 782 653 825 studeamus,
690 788 820 830 utpote
856 786 902 821 de

122 838 196 873 quo
246 829 282 863 in
323 827 492 863 districto
530 830 672 875 ,judicio
714 832 901 868 rationem

121 875 307 911 reddituri
345 886 474 911 sumus
495 888 502 920 ;
527 888 595 912 nec
632 888 672 914 se
693 878 830 924 aliquis
854 880 900 915 ab

121 923 191 958 hac
232 922 490 967 negotiatione
526 935 703 961 excusare
744 926 899 971 poterit,

121 969 210 1016 qnia
230 971 354 1005 nullus
373 973 428 1006 est
449 970 513 1015 qui
534 972 719 1009 talentum
737 984 810 1009 non
838 985 900 1009 ac-

119 1017 273 1063 ceperit.
297 1018 402 1053 Unde
419 1018 641 1060 Greqorius:
665 1035 677 1052 «
701 1021 901 1057 Sciendum

120 1076 208 1101 vero
231 1068 301 1111 est,
321 1066 420 1111 quod
439 1066 564 1101 nullus
591 1068 699 1113 piger
719 1070 764 1105 ab
786 1079 828 1104 ac
850 1072 900 1104 ta-

120 1112 209 1148 lenti
231 1112 451 1159 acceptione
479 1124 632 1150 securus
665 1118 734 1159 est,
776 1116 901 1152 nullus

119 1171 284 1206 namque
303 1165 360 1196 est
393 1160 456 1206 qui
476 1161 660 1198 veraciter
682 1163 783 1198 dicat
802 1175 810 1199 ι
834 1165 901 1199 Ta-

118 1207 260 1243 lentum
283 1208 435 1244 minime
457 1208 597 1255 accepi,
621 1221 697 1245 non
717 1214 774 1246 est
803 1211 901 1246 unde

118 1255 304 1291 rationem
323 1266 462 1302 ponere
483 1267 608 1302 cogar.
632 1257 775 1293 Talenti
801 1258 901 1294 enim

119 1302 286 1356 nomine,
313 1303 465 1340 cuilibet
493 1304 661 1350 pauperi,
690 1305 802 1341 etiam
830 1306 902 1341 hoc

119 1361 242 1396 lpsum
255 1351 507 1397 reputabitur,
518 1352 618 1396 quod
633 1352 691 1388 vel
703 1352 901 1388 minimum

120 1397 263 1444 accepit
290 1410 297 1442 ;
333 1398 428 1434 alius
465 1409 626 1444 namque
655 1400 797 1445 accepit
839 1400 903 1435 do-

121 1456 210 1481 num
232 1445 506 1491 intelligentiae,
528 1445 810 1492 praedicationis
830 1447 901 1482 mi-

120 1493 316 1529 nisterium
338 1494 450 1529 debet
469 1505 511 1529 ex
526 1494 669 1529 talento
687 1506 694 1537 ;
713 1495 808 1530 alius
824 1494 902 1539 qui-

122 1541 207 1576 dem
236 1543 429 1576 terrenam
458 1540 709 1577 substantiam
741 1541 900 1587 accepit,

121 1588 379 1634 erogationem
408 1587 540 1624 talenti
561 1588 672 1624 debet
696 1599 739 1624 ex
762 1590 901 1631 rebus,-

120 1635 216 1671 alius
238 1646 325 1671 vero
345 1635 475 1671 didicit
492 1638 613 1671 artem
632 1647 705 1681 qua
722 1635 900 1682 pascitur,

121 1683 200 1729 ipsa
230 1694 292 1719 ars
307 1684 340 1719 ei
363 1683 493 1719 talenti
513 1686 730 1729 acceptione
752 1686 900 1729 reputa-

122 1733 208 1774 tur3
229 1731 324 1766 alius
343 1735 469 1765 autem
491 1730 759 1766 familiaritatis
780 1731 904 1766 locum

125 1778 224 1823 apud
250 1777 405 1813 divitem
427 1777 578 1821 meruit,
597 1777 785 1813 talentum
813 1788 900 1823 pro-

121 1825 216 1860 fecto
258 1823 525 1860 familiaritatis
559 1824 715 1870 accepit.
754 1825 903 1860 Habens

64 1880 67 1881 ’
121 1872 235 1919 igitur
261 1872 511 1917 intellectum,
534 1875 639 1907 curet
660 1871 830 1914 omnino,
855 1882 902 1907 ne

123 1922 247 1956 taceat
265 1931 272 1964 ;
295 1920 436 1955 habens
450 1929 578 1954 rerum
599 1919 837 1954 affluentiam
852 1918 902 1953 vi-

124 1967 227 2012 gilet,
246 1978 292 2003 ne
309 1978 331 2003 a
349 1965 618 2002 misericordiae
639 1966 813 2011 largitate
828 1968 902 2001 tor-

124 2018 275 2062 pescat;
299 2014 444 2050 habens
488 2016 622 2057 artem,
647 2024 720 2059 qua
741 2014 899 2058 regitur,

125 2072 353 2108 magnopere
380 2061 544 2105 studeat,
580 2064 621 2096 ut
647 2071 757 2096 usum
789 2063 902 2105 atque

126 2109 322 2146 utilitatem
345 2108 443 2144 illius
470 2118 554 2143 cum
584 2107 753 2154 proximo
781 2107 901 2153 patia-

123 2162 209 2203 tur;
238 2155 415 2203 loquendi
454 2156 576 2191 locum
616 2155 716 2201 apud
749 2154 902 2190 divitem

123 2205 282 2249 habens,
312 2215 378 2250 pro
408 2202 638 2249 pauperibus
676 2202 899 2237 intercedat.

124 2254 284 2289 Tantum
312 2250 448 2297 quippe
476 2251 522 2286 ab
556 2260 629 2285 uno
653 2260 802 2295 quoque
834 2260 901 2284 no-

124 2303 244 2336 strum
275 2304 451 2334 venturus
484 2297 604 2334 Judex
628 2296 753 2342 exigit,
775 2307 902 2342 quan-

126 2351 205 2384 tum
227 2346 342 2382 dedit.
369 2360 386 2378 >1
411 2344 702 2381 Consideremus
714 2354 803 2389 ergo
817 2354 900 2389 quae

124 2393 351 2440 accepimus,
374 2396 485 2438 atque
506 2391 543 2427 in
566 2402 696 2427 eornm
717 2390 903 2436 erogatio-

125 2453 172 2478 ne
203 2441 413 2487 vigilemus,
429 2439 531 2476 nulla
550 2449 620 2474 nos
657 2449 680 2474 a
715 2438 902 2484 spirituali

126 2499 240 2536 opere
263 2492 413 2524 terrena
431 2497 521 2523 cura
538 2486 733 2532 impediat,
748 2496 794 2520 ne
818 2486 847 2520 si
865 2484 904 2520 in

127 2540 229 2573 terra
254 2536 437 2571 talentum
475 2533 731 2576 absconditur,
772 2531 903 2567 talenti

128 2583 305 2621 Dominus
327 2583 374 2618 ad
402 2582 498 2618 iram
533 2583 769 2627 provocetur.
800 2579 904 2614 Unde

105 2634 107 2636 ’
128 2632 384 2676 Ααρυεῖῖηαεε
408 2646 423 2660 «
442 2627 705 2673 Unusquisque
719 2628 900 2672 quodha-

127 2680 192 2716 bet
210 2680 365 2724 praestet
384 2675 507 2720 alteri,
532 2674 716 2721 quidquid
734 2674 818 2720 plus
840 2675 904 2709 ba-

128 2727 191 2763 bet
224 2725 406 2770 largiatur
425 2722 542 2770 inopi.
570 2722 674 2758 Alius
698 2722 811 2757 habet
836 2731 899 2767 pe-

129 2772 279 2809 cuniam
306 2787 313 2808 :
344 2773 468 2817 pascat
505 2779 724 2817 pauperem,
768 2769 903 2804 vestiat

130 2820 287 2864 nudum,
305 2818 466 2855 aedificet
490 2816 703 2860 ecclesiam,
724 2818 901 2862 operetur

256 2885 345 2918 VrrA
360 2885 447 2917 JESU
463 2884 738 2919 Cnmwnmmus
758 2882 823 2914 ΙΙΙ.

980 252 1025 288 de
1046 252 1118 287 dua
1134 251 1296 298 pecunia
1314 252 1497 298 quidquid
1515 255 1604 291 boni
1621 259 1759 302 potest.

979 300 1082 335 Alius
1102 299 1217 334 habet
1234 299 1432 335 consilium
1452 313 1459 335 :
1486 308 1594 344 regat
1627 304 1761 349 proxi—

981 358 1098 391 mum,
1117 351 1153 382 et
1180 346 1295 392 pellat
1314 348 1491 384 tenebras
1513 346 1762 386 dubitationis

980 395 1061 430 luce
1081 393 1259 441 pectoris.
1276 394 1379 429 Alius
1396 395 1510 430 babet
1525 396 1763 433 doctrinam:

981 453 1070 487 ergo
1108 442 1154 477 de
1195 440 1348 476 cellario
1386 443 1534 477 Domini
1577 444 1766 481 ministret

981 488 1170 525 conservis
1194 487 1351 532 cibaria,
1390 490 1575 526 confortet
1618 492 1764 536 fideles,

980 539 1132 573 revocet
1174 538 1360 579 errantes,
1402 535 1546 581 quaera‘t
1582 539 1764 582 perditos,

981 587 1165 629 quantum
1186 586 1308 629 potest
1335 583 1461 619 faciat.
1484 584 1547 619 Est
1574 586 1673 629 quod
1693 586 1766 622 sibi

980 634 1136 677 erogent
1150 641 1339 677 pauperes
1356 629 1475 666 :alius
1493 631 1628 667 claudo
1647 633 1765 678 pedes

979 679 1256 722 accommodet,
1297 676 1395 713 alius
1428 689 1527 714 caeco
1557 689 1645 714 suos
1667 691 1764 715 ocu—

978 726 1034 761 los
1054 727 1167 762 duces
1186 726 1368 771 praebeat,
1390 725 1486 762 alius
1508 725 1635 762 visitet
1654 726 1762 762 infir-

979 784 1095 817 mum,
1121 773 1218 809 alius
1249 773 1406 819 sepeliat
1444 776 1639 809 mortuos:
1674 778 1763 810 sunt

976 820 1049 856 ista
1077 820 1115 855 in
1137 821 1327 863 omnibus,
1352 823 1393 855 ut
1428 830 1584 866 prorsus
1606 821 1761 857 difficile

976 867 1193 903 inveniatur
1214 867 1365 913 aliquis,
1406 867 1468 913 qui
1506 879 1583 903 non
1622 869 1762 905 habeat

976 915 1075 951 unde
1097 915 1239 960 aliquid
1268 914 1376 950 alteri
1398 918 1565 961 praestet,
1591 918 1628 951 et
1666 916 1762 952 illud

976 966 1189 999 extremum
1212 967 1248 998 ct
1268 973 1451 1008 magnum
1474 963 1575 1009 qnod
1597 963 1650 998 ait
1666 964 1763 1010 Apo-

975 1010 1142 1046 stolus-ad
1162 1010 1311 1045 Galatas
1331 1025 1338 1046 ε
1363 1011 1469 1045 Alter
1492 1011 1645 1046 alterius
1666 1013 1764 1046 invi-

974 1069 1047 1094 cem
1066 1069 1174 1093 onera
1194 1061 1319 1093 vestra
1334 1061 1493 1104 portate,
1514 1061 1547 1092 et
1563 1060 1615 1093 sic
1635 1059 1763 1093 adim—

974 1107 1125 1152 plebitis
1153 1106 1265 1149 leqem
1292 1106 1442 1141 Christi.
1471 1118 1489 1136 >›
1520 1106 1624 1141 Unde
1649 1105 1764 1141 etiam

977 1155 1284 1197 Chrysostomus:
1324 1166 1343 1185 «
1380 1151 1517 1188 Omnia
1552 1152 1764 1188 inferamus

976 1201 1023 1237 ad
1056 1200 1311 1245 proximorum
1350 1200 1581 1235 utilitatem:
1623 1200 1765 1236 talenta

976 1248 1079 1284 enim
1120 1249 1200 1283 hzec
1241 1250 1329 1283 sunt
1364 1248 1662 1293 uniuscnjusque
1694 1247 1765 1283 vir-

976 1300 1052 1341 tus,
1081 1295 1158 1331 sive
1202 1294 1240 1330 in
1271 1295 1572 1341 praeemlnentia,
1616 1294 1692 1330 sive
1724 1294 1763 1330 in

975 1342 1158 1390 pecuniis,
1203 1342 1278 1378 sive
1316 1342 1356 1378 in
1388 1342 1573 1386 doctrina,
1605 1342 1682 1377 sive
1722 1341 1761 1377 in

977 1391 1243 1438 qualicumque
1265 1390 1330 1425 tali
1356 1392 1522 1435 negotio,
1549 1390 1681 1425 Nullus
1701 1389 1758 1424 di—

977 1443 1050 1483 cat,
1073 1438 1250 1484 quoniam
1272 1447 1391 1472 unum
1413 1437 1599 1473 talentum
1619 1437 1758 1480 habeo,

977 1490 1014 1523 et
1034 1497 1108 1521 non
1126 1495 1280 1531 possum
1303 1485 1441 1527 facere,
1466 1487 1589 1530 potest
1616 1487 1666 1519 et·
1689 1494 1759 1530 per

978 1544 1096 1570 unum
1116 1532 1345 1577 approbatus
1383 1542 1465 1567 esse
1485 1543 1492 1568 z
1540 1542 1619 1567 non
1656 1531 1759 1567 enim

978 1593 1017 1617 es
1037 1580 1150 1616 vidua
1166 1579 1230 1614 illa
1249 1578 1465 1625 pauperior,
1488 1589 1565 1614 non
1586 1589 1625 1614 es
1647 1579 1760 1614 Petro

977 1632 1013 1664 et
1034 1630 1179 1664 Joanne
1205 1626 1395 1671 rusticior,
1420 1626 1483 1672 qui
1517 1629 1555 1661 et
1576 1625 1703 1661 idiotae
1725 1627 1762 1661 et

977 1675 1149 1712 illiterati
1189 1674 1340 1710 suerunt
1360 1685 1369 1718 3
1411 1673 1477 1709 sed
1504 1676 1631 1709 tamen
1668 1683 1763 1719 quo-

978 1723 1082 1759 niam
1107 1721 1339 1758 desiderium
1377 1725 1699 1765 monstraverunt,
1726 1723 1764 1755 et

976 1771 1025 1807 ad
1051 1779 1291 1806 communem
1316 1767 1519 1804 utilitatem
1556 1767 1684 1803 omnia
1706 1767 1763 1803 fe-

977 1820 1124 1860 cerunt,
1146 1816 1265 1851 coelos
1300 1816 1646 1861 apprehenderunt,
1668 1813 1763 1850 nihil

977 1865 1078 1901 enim
1106 1866 1162 1899 est
1201 1863 1253 1898 ita
1282 1864 1358 1898 Deo
1391 1861 1554 1897 amicum
1593 1861 1691 1897 sicut
1716 1861 1765 1897 ad

976 1920 1216 1948 communem
1246 1909 1450 1945 utilitatem
1484 1909 1624 1944 vivere.
1667 1910 1762 1944 Pro-

975 1963 1059 2005 pter
1073 1959 1160 2002 hoc,
1176 1967 1392 1993 sermonem
1406 1956 1515 1992 nobis
1527 1955 1631 1992 dedit
1642 1957 1759 2000 Deus,

976 2010 1012 2042 θῖ
1035 2016 1185 2049 manus,
1208 2007 1243 2039 et
1263 2004 1390 2050 pedes,
1429 2006 1465 2039 et
1491 2004 1660 2049 corporis
1682 2002 1759 2038 vir-

975 2057 1109 2097 tutem,
1130 2057 1167 2088 et
1190 2051 1438 2094 intellectum,
1461 2056 1498 2086 et
1526 2061 1694 2095 sensum,
1716 2053 1759 2086 ut

976 2100 1151 2137 omnibus
1177 2098 1237 2134 his
1263 2102 1300 2134 et
1322 2099 1369 2134 ad
1395 2103 1565 2134 nostram
1587 2097 1757 2144 ipsorum

977 2150 1150 2191 salutem,
1173 2150 1209 2182 et
1245 2146 1292 2181 ad
1317 2145 1574 2191 proximorum
1608 2144 1755 2181 utilita—

976 2199 1052 2231 tem
1071 2200 1235 2230 utamnr.
1256 2195 1339 2229 Non
1364 2204 1457 2239 opus
1475 2198 1532 2228 est
1551 2192 1679 2228 multis
1696 2191 1758 2227 hic

976 2243 1085 2278 nobis
1107 2240 1362 2284 sermonibus,
1392 2251 1515 2286 neque
1544 2240 1659 2285 longa
1686 2239 1758 2275 cir-

977 2289 1154 2331 cuitione,
1176 2288 1289 2324 instat
1324 2287 1424 2323 enim
1458 2289 1591 2323 beatus
1608 2287 1758 2327 Pauhm,

976 2336 1218 2373 ratiocinium
1234 2337 1356 2371 ferens
1376 2338 1413 2370 et
1430 2334 1578 2370 dicens:
1599 2335 1760 2370 Dissolvi

977 2389 1010 2421 et
1029 2386 1102 2420 esse
1123 2394 1203 2419 cum
1224 2384 1364 2419 Christo
1393 2383 1505 2417 multo
1532 2383 1652 2426 magyis
1688 2391 1759 2416 me-

979 2434 1050 2468 lius
1072 2434 1157 2475 est;
1193 2440 1403 2476 permanere
1434 2433 1555 2465 autem
1588 2431 1629 2465 in
1650 2439 1757 2465 carne

978 2479 1099 2525 magis
1130 2479 1374 2513 necessarium
1400 2480 1457 2512 est
1481 2480 1632 2523 propter
1666 2486 1757 2519 v035

979 2531 1015 2563 et
1036 2528 1084 2570 ei,
1105 2525 1167 2571 qui
1189 2526 1236 2561 ad
1255 2524 1443 2560 Christum
1466 2527 1548 2560 erat
1567 2522 1761 2559 discessio-

978 2575 1031 2618 ni,
1049 2572 1255 2620 przeposuit
1274 2571 1434 2618 proximi
1454 2571 1757 2607 {edificationem

980 2624 1057 2657 Hoc
1076 2621 1177 2657 enim
1201 2619 1361 2655 maxime
1383 2622 1439 2654 est
1456 2629 1538 2654 esse
1551 2629 1633 2654 cum
1656 2616 1760 2653 Chri-

980 2673 1053 2713 sto,
1075 2669 1309 2704 voluntatem
1329 2667 1411 2713 ejus
1428 2666 1565 2706 facere,
1586 2665 1759 2700 voluntas

979 2721 1107 2753 autem
1133 2716 1214 2762 ejus
1234 2714 1327 2749 nihil
1354 2716 1411 2749 est
1449 2712 1514 2754 ita,
1542 2712 1637 2748 sicut
1660 2710 1762 2757 quod

979 2763 1129 2810 expedit
1151 2761 1337 2808 proximo.
1363 2760 1400 2797 Si
1428 2760 1529 2796 enim
1551 2760 1590 2794 in
1619 2758 1760 2795 secula—

978 2812 1081 2849 ribus
1100 2809 1223 2847 nullus
1242 2808 1386 2855 sibiipsi
1416 2806 1519 2852 vivit,
1544 2806 1611 2843 sed
1631 2809 1669 2843 et
1693 2816 1758 2843 ar—

1635 2876 1674 2905 20
