1907 3139
277 235 326 270 DE
366 236 701 272 VENTILATIONE
740 240 864 274 AREAE
902 240 946 274 IN
983 236 1193 273 EXTREMO
1230 235 1422 271 JUDICIO.
1611 234 1672 271 309

29 305 119 351 nite,
163 304 340 341 benedicti
375 307 502 341 Patris
533 308 615 342 mei.
645 307 673 344 O
700 319 813 354 quam

30 351 158 388 felices
184 355 220 389 et
247 351 345 388 beati
367 351 430 398 qui
451 354 521 389 hoc
543 354 649 390 dulce
673 354 813 393 invita-

30 399 168 436 torium
189 400 236 436 ad
255 410 294 435 se
315 399 498 436 directum
519 404 726 438 meruerint
748 415 812 440 au-

30 446 125 499 dire,
147 451 184 482 et
214 457 246 499 a·
273 446 432 483 Domino
472 447 619 484 invitati
653 461 811 495 regnum

30 503 112 539 eJus
145 495 367 540 percipere!
392 496 692 541 Frequentemus
720 510 811 543 ergo

28 551 128 576 nunc
143 544 179 576 et
193 544 389 578 cantemus
404 542 539 580 devote
552 543 811 582 invitatorium

29 587 218 633 Ecclesiae,
229 588 396 625 dicentes
411 601 419 625 :
437 592 566 627 Venite
579 595 814 630 ,eoesultemus

28 636 194 676 Domino,
217 639 258 689 ut
284 639 376 673 tunc
402 648 486 674 cum
508 639 638 675 electis
660 651 814 677 merea-

29 692 116 718 mur
141 684 272 720 audire
298 684 554 722 invitatorium
580 687 742 733 Domini,
778 692 815 725 et

29 740 192 775 regnare
220 733 300 767 sine
326 732 401 768 fine
429 744 513 769 cum
539 745 597 770 eo.

76 781 98 821 4
135 778 259 815 OPERA
293 791 551 816 Misnmcomnffi
595 794 639 817 An
680 795 812 820 coneus

32 836 279 878 PEpTINENTIA.
296 847 337 852 —
361 829 405 863 Et
424 831 735 866 commemorabit
747 833 812 866 Do-

30 882 154 925 minus
178 884 241 909 sex
266 885 382 919 opera
403 875 688 921 misericordiae,
714 879 751 913 in
773 889 812 913 se

29 924 149 966 capite
185 924 222 956 et
256 921 295 956 in
332 923 512 959 membris
545 924 623 960 suis
656 928 812 971 propter

0 998 1 1008 ,
29 977 114 1020 eum
138 967 250 1013 facta,
275 980 359 1015 quae
387 974 474 1006 sunt
503 982 510 1006 :
533 982 691 1017 pascere
718 983 812 1007 esu—

0 1026 1 1029 *
28 1017 202 1068 rientem,
226 1019 360 1062 potare
394 1017 601 1063 sitientem,
624 1019 811 1056 collocare

1 1068 2 1086 l
29 1062 235 1115 hospitem,
275 1064 412 1100 vestire
457 1066 616 1109 nudum,
659 1066 811 1103 visitare

0 1135 3 1154 ,·
28 1109 236 1163 lnfirmum,
248 1112 435 1148 consolari
450 1112 679 1150 vinculatum
697 1117 733 1149 et
745 1126 812 1161 per

2 1163 3 1166 ’
29 1156 110 1211 baec
136 1158 358 1211 1ntelligitur
384 1160 600 1206 septimum,
628 1162 728 1207 qnod
755 1165 811 1198 est

28 1214 69 1239 ln
100 1206 230 1250 Tobla,
259 1206 403 1243 scilieet
434 1207 594 1254 sepelire
624 1212 808 1246 mortuos.

0 1301 1 1306 1
29 1252 133 1289 Unde
155 1264 287 1291 versus
309 1264 317 1289 2

65 1349 199 1392 Visuo,
218 1353 316 1397 poto,
343 1351 434 1393 cibo,
456 1351 609 1393 redimo,
630 1355 722 1397 teqo,
741 1354 811 1388 col-

552 1399 655 1446 nmo,
680 1401 808 1438 condo.

28 1493 73 1528 Et
93 1495 297 1541 secundum
313 1495 498 1541 quosdam
520 1506 597 1531 non
614 1495 686 1532 erit
706 1496 808 1532 aliud

6 1561 7 1565 =
27 1540 109 1593 haec
130 1542 453 1587 commemoratio,
474 1542 546 1578 nisi
568 1543 656 1588 quia
677 1554 808 1579 omnes

29 1592 148 1624 scient
165 1590 300 1626 merita
330 1600 489 1635 sua,pro
519 1591 655 1636 quibus
684 1591 806 1626 salva-

27 1635 168 1672 buntur
192 1637 251 1673 vel
281 1637 394 1673 etiam
414 1638 708 1674 damnabuntur.
738 1638 808 1674 Ubi

28 1683 301 1728 chrysostomus
319 1700 326 1721 :
353 1699 368 1718 «
386 1686 499 1720 Putas
512 1689 652 1730 quanto
669 1686 808 1732 gaudio

27 1731 811 1784 extollunturSanctiquandoinconspectu

25 1780 556 1825 omniumAngelorum,quod
568 1782 735 1815 fecerunt
748 1781 813 1815 ho-

26 1825 192 1862 minibus
206 1827 344 1863 fatetur
358 1837 398 1862 se
412 1826 617 1873 accepisse,
631 1837 718 1862 nam
736 1827 811 1863 tale

26 1873 174 1909 videtur
195 1885 290 1921 opus
305 1885 435 1910 eorum
454 1885 527 1910 non
551 1874 660 1919 quale
682 1875 810 1910 (latum

27 1924 97 1964 est,
111 1921 177 1957 sed
192 1922 484 1968 qualispersona
496 1921 595 1958 illius
609 1924 665 1957 est
679 1921 741 1967 qui
754 1932 812 1957 ac-

27 1968 124 2014 cepit
141 1980 179 2004 :»
202 1970 283 2005 haec
313 1971 599 2014 Chrysostomus.
619 1968 809 2015 Sedjusti,

28 2015 134 2060 quasi
166 2016 316 2053 laudem
343 2017 529 2062 fugientes
552 2044 560 2060 ,
593 2016 809 2062 interroga-

26 2062 278 2109 buntquando
300 2065 381 2100 haec
396 2064 465 2100 sibi
484 2063 652 2100 fecerint.
672 2065 809 2100 Secun-

26 2109 115 2163 dum
144 2113 363 2156 Remigium,
392 2111 431 2147 in
462 2111 702 2147 conscientiis
730 2110 809 2146 suis

28 2159 80 2193 ita
95 2160 391 2205 respondebunt⁷
414 2170 489 2194 non
511 2158 727 2195 dubitantes
750 2158 807 2194 vel

26 2204 240 2242 diffidentes
255 2207 301 2243 de
324 2206 448 2242 verbis
462 2206 636 2249 Domini3
661 2207 726 2241 sed
748 2206 804 2240 vel

26 2256 219 2298 stupentes
235 2264 302 2300 pro
320 2253 581 2299 magnitudine
597 2252 806 2299 majestatis

26 2300 153 2346 Regis,
173 2302 244 2343 vel,
266 2301 355 2347 quia
389 2311 547 2347 parvum
576 2300 725 2336 videtur
752 2299 806 2335 eis

25 2357 136 2384 omne
160 2349 302 2385 bonum
330 2349 429 2394 quod
455 2348 626 2384 fecerunt
652 2357 805 2393 compa-

23 2394 169 2432 ratione
188 2396 350 2442 praemii,
370 2396 475 2442 juxta
502 2395 595 2431 illud
620 2394 802 2441 Apostoli:

25 2444 105 2481 Non
145 2447 230 2479 sunt
250 2444 436 2487 condiqnae
471 2445 660 2488 passiones
696 2442 807 2486 hujus

26 2492 197 2536 temporis
217 2492 266 2526 ad
284 2492 450 2534 futuram
471 2492 629 2535 qlorz'am
651 2500 730 2534 quas>
747 2500 804 2523 re-

25 2538 208 2573 velabitur
228 2540 268 2573 in
286 2538 403 2573 nobis.
425 2539 532 2574 Unde
554 2538 608 2573 ait
641 2538 805 2581 Chryso-

27 2588 190 2620 stomus:
213 2599 229 2618 «
249 2585 276 2621 Ο
294 2584 504 2629 humilitas,
527 2596 612 2631 quae
631 2594 701 2619 nec
720 2586 805 2629 post

27 2636 188 2668 mortem
209 2632 386 2668 deficies!
411 2632 535 2668 Homo
560 2632 661 2668 enim
683 2631 805 2666 malus

17 2679 141 2715 etiam
178 2679 280 2715 salsis
318 2679 527 2715 honoribus
573 2680 805 2721 delectatur,

27 2726 85 2762 vir
101 2729 228 2762 autem
259 2727 378 2762 bonus
404 2726 518 2762 etiam
538 2726 608 2762 sibi
639 2725 808 2762 debitam

28 2772 178 2810 laudem
200 2773 314 2819 fugit;
338 2774 391 2809 sic
416 2777 452 2809 et
481 2774 619 2817 Sancti,
642 2772 809 2809 debitam

30 2819 98 2857 sibi
112 2821 261 2857 laudem
279 2820 671 2867 repellentes,dicent:
688 2821 811 2863 Quart-

31 2867 75 2903 do
96 2871 129 2905 te
152 2869 313 2904 vidimus
332 2869 559 2910 esurientem,
578 2871 647 2905 etc.
662 2879 670 2904 :
687 2881 705 2899 >³
731 2868 811 2903 haec

889 311 1174 355 Chrysostomus.
1210 308 1259 342 Et
1293 306 1513 351 respondens
1554 308 1632 343 Rex
1658 335 1670 349 ‚

888 359 982 394 dicet
1007 358 1085 391 ulis
1108 368 1117 390 :
1139 355 1256 389 Amen
1292 353 1372 388 dico
1398 353 1514 393 vobis,
1538 365 1667 398 quam-

889 406 968 449 diu,
989 403 1028 440 id
1051 406 1108 439 est
1133 413 1176 438 eo
1199 404 1235 437 et
1256 404 1398 446 quanto
1417 403 1601 446 tempore,
1617 402 1671 444 fe-

889 455 1004 495 cistis,
1027 451 1064 487 id
1090 454 1150 487 est
1172 459 1288 493 opera
1322 446 1590 483 misericordiae
1612 459 1671 483 ex-

889 498 1063 536 hibuistis
1084 499 1149 533 uni
1168 497 1211 531 (le
1233 497 1289 531 his
1305 495 1590 539 fratribusmez's
1608 497 1674 531 mi-

888 550 1022 592 nimis,
1060 547 1152 581 mihi
1187 545 1342 588 fecistis.
1386 543 1536 578 Fratres
1573 545 1673 583 sunt,

890 594 977 640 quia
997 594 1169 630 fecerunt
1183 591 1417 627 voluntatem
1439 590 1585 633 Patris;
1606 588 1673 624 mi-

889 641 981 677 nimi
1003 652 1106 684 vero,
1135 638 1223 686 quia
1256 638 1409 674 fuerunt
1446 636 1608 672 humiles
1636 640 1674 672 et

888 689 1039 735 abJ'ecti.
1063 687 1131 724 Ubi
1159 687 1260 722 idem
1281 687 1556 729 chrysostomus
1576 696 1584 720 ;
1607 696 1625 717 <‹
1645 684 1673 719 O

888 736 1038 773 bonitas
1063 734 1218 772 Christi!
1246 732 1431 776 Quamdiu
1454 731 1493 767 in
1512 742 1671 777 corpore

888 782 1162 828 contemptibili
1189 785 1270 817 erat
1297 780 1335 815 in
1367 779 1523 823 mundo,
1546 779 1671 814 fuerat,

887 830 1101 867 verisimilis
1128 828 1240 873 ratIO,
1270 832 1310 863 ut
1338 830 1496 873 propter
1536 826 1673 861 simili-

887 878 1055 914 tudinem
1077 876 1236 912 visionis
1270 875 1407 910 fratres
1439 884 1527 910 suos
1550 873 1672 909 homi-

889 936 955 961 nes
977 924 1184 970 appellaret
1204 935 1212 966 ;
1234 922 1325 969 quid
1343 925 1469 957 autem
1483 921 1671 965 dicamus,

889 973 989 1018 quod
1010 972 1048 1008 in
1061 972 1126 1007 illa
1139 970 1261 1017 gloria
1283 969 1525 1012 constitutus,
1545 968 1672 1004 adhue

888 1024 1089 1056 contentus
1110 1022 1167 1055 est
1185 1029 1250 1053 eos
1269 1017 1395 1052 dit-ere
1415 1016 1564 1060 fratres,
1586 1016 1670 1061 qui-

889 1068 958 1103 bus
979 1067 1170 1103 sufficeret
1189 1066 1236 1101 ad
1254 1064 1405 1100 laudem
1425 1063 1455 1099 si
1470 1063 1527 1099 vel
1550 1064 1672 1099 bonos

889 1126 1017 1151 servos
1055 1114 1138 1149 illos
1171 1112 1394 1153 vocaret‘l»
1424 1113 1468 1146 Et
1502 1112 1668 1146 iterum:

891 1176 907 1196 «
931 1164 1090 1208 Propter
1109 1162 1180 1197 hoe
1194 1160 1296 1196 enim
1314 1162 1400 1195 sunt
1419 1159 1568 1202 fratres,
1585 1158 1670 1204 quia

888 1209 1061 1252 humiles,
1085 1208 1173 1255 quia
1205 1206 1343 1253 abjecti
1377 1209 1413 1242 et
1444 1205 1670 1250 contempti-

887 1257 994 1300 biles,
1014 1258 1082 1293 hos
1103 1255 1205 1292 enim
1223 1255 1319 1291 tales
1345 1253 1507 1289 maxime
1528 1253 1568 1288 in
1593 1254 1668 1289 t‘ra-

887 1304 1103 1341 ternitatem
1125 1305 1245 1339 vocat.
1270 1315 1287 1335 »
1310 1302 1415 1338 Unde
1437 1304 1474 1337 et
1492 1301 1671 1346 Augusta·-

886 1363 954 1388 nus
978 1365 1018 1389 z«
1041 1350 1183 1387 Minimi
1210 1360 1300 1396 ergo
1322 1349 1385 1395 qui
1405 1351 1492 1384 sunt
1513 1347 1670 1391 Christi,

886 1400 926 1435 hi
948 1400 1000 1435 illi
1028 1403 1114 1435 sunt
1135 1397 1197 1444 qui
1228 1396 1356 1433 omnia
1385 1395 1614 1432 dimiserunt
1635 1398 1672 1430 et

886 1447 1001 1483 secuti
1031 1450 1117 1482 sunt
1138 1455 1240 1489 eum,
1262 1447 1298 1480 et
1319 1443 1500 1489 quidquid
1521 1443 1670 1478 habue-

884 1499 975 1530 runt
992 1493 1221 1540 pauperibus
1235 1491 1522 1533 distribuerunt,
1541 1493 1582 1525 ut
1597 1490 1674 1525 Deo

886 1541 967 1577 sine
1000 1541 1161 1577 seculari
1190 1539 1372 1584 compede
1398 1536 1560 1583 expediti
1593 1547 1674 1572 ser-

888 1590 1022 1633 virent,
1039 1592 1076 1624 et
1106 1588 1153 1623 ab
1177 1587 1355 1622 oneribus
1387 1584 1517 1621 mundi
1536 1584 1674 1620 liberos

886 1636 986 1672 velut
1011 1638 1196 1682 pennatos
1222 1644 1372 1669 sursum
1401 1633 1580 1668 humeros
1602 1631 1674 1667 tol-

886 1684 1020 1719 lerent.
1044 1684 1087 1718 Hi
1103 1685 1190 1718 sunt
1213 1680 1386 1725 minimi;
1410 1690 1525 1725 quare
1561 1678 1675 1714 mini-

887 1731 966 1766 mi?
998 1730 1092 1773 Quia
1126 1729 1304 1771 humiles,
1337 1728 1425 1773 quia
1457 1737 1533 1762 non
1559 1727 1674 1770 elati,

887 1782 923 1814 et
946 1778 1032 1823 quia
1054 1787 1131 1813 non
1149 1775 1313 1821 superbi.
1332 1774 1585 1821 Apprehende
1608 1773 1673 1809 mi—

888 1825 1010 1861 nimos
1031 1824 1136 1868 istos,
1164 1827 1200 1859 et
1220 1833 1333 1869 grave
1358 1823 1503 1867 pondus
1527 1821 1674 1856 inveni-

889 1883 929 1908 es
957 1884 965 1907 :
989 1886 1007 1904 »
1030 1872 1111 1907 haec
1131 1871 1377 1914 Auqustinus.
1402 1868 1572 1905 Christus
1595 1868 1674 1904 ita-

889 1931 961 1966 que
978 1919 1016 1954 in
1035 1917 1291 1954 esurientibus
1309 1915 1439 1959 esurit,
1459 1915 1498 1951 in
1519 1915 1675 1951 sitienti-

887 1968 956 2003 bus
982 1966 1081 2009 sitit,
1108 1964 1146 2001 in
1176 1963 1338 2000 infirmis
1372 1966 1546 2009 aegrotat,
1572 1966 1610 1998 et
1636 1963 1674 1998 in

888 2014 972 2050 aliis
988 2012 1162 2049 similiter
1176 2011 1316 2057 patitur
1331 2023 1339 2055 ;
1356 2021 1494 2057 magna
1511 2021 1601 2056 ergo
1617 2021 1673 2046 re-

887 2060 1057 2097 verentia
1089 2058 1319 2106 suscipiendi
1345 2062 1434 2094 sunt
1461 2057 1608 2093 minimi
1636 2061 1674 2093 et

889 2119 1072 2154 pauperes
1096 2106 1251 2151 Christi;
1275 2109 1311 2142 et
1332 2115 1417 2142 cum
1447 2115 1586 2150 magna
1613 2116 1673 2140 ve-

887 2155 1082 2191 neratione
1116 2154 1357 2190 serviendum
1379 2155 1436 2189 est
1454 2152 1523 2196 eis,
1556 2152 1671 2198 siqui-

886 2204 972 2239 dem
992 2202 1161 2238 Christus
1182 2201 1220 2237 in
1243 2202 1297 2237 eis
1323 2199 1524 2246 suscipitur
1547 2202 1584 2235 et
1607 2201 1672 2235 ho-

886 2253 1055 2286 noratur.
1080 2250 1184 2285 Unde
1213 2249 1410 2292 Greqorz'us
1433 2260 1441 2283 :
1479 2261 1496 2281 «
1524 2247 1581 2283 Ad
1600 2247 1670 2282 tri-

886 2297 1081 2333 buendum
1093 2307 1184 2343 ergo
1200 2296 1299 2342 pigri
1319 2306 1384 2331 cur
1398 2294 1503 2339 estis,
1517 2294 1672 2340 quando

884 2346 955 2380 hoc
976 2344 1076 2390 quod
1097 2343 1241 2390 J'acenti
1268 2342 1307 2378 in
1330 2346 1434 2379 terra
1459 2342 1670 2389 porrigitis,

884 2392 1029 2428 sedenti
1057 2391 1093 2426 in
1114 2392 1210 2426 coelo
1228 2391 1352 2426 datis?
1379 2403 1397 2425 »

933 2443 951 2473 5
970 2439 1093 2475 OPERA
1106 2450 1364 2474 Misssmconmffi
1377 2449 1422 2473 An
1436 2448 1574 2473 ANIMAM
1586 2448 1671 2473 PER-

883 2498 1114 2522 1110311111.-
1128 2487 1214 2522 Haec
1236 2485 1433 2531 praemissa
1450 2488 1536 2521 sunt
1557 2494 1674 2530 opera

885 2533 1168 2577 misericordiae,
1220 2533 1267 2569 ad
1304 2533 1472 2579 corporis
1501 2531 1674 2567 miserias

883 2580 1134 2628 pertinentia;
1157 2580 1205 2616 ad
1223 2580 1369 2616 animas
1391 2590 1478 2615 vero
1501 2581 1668 2625 spectat:

885 2632 924 2665 ut
950 2628 1179 2664 esurientem
1210 2631 1248 2663 et
1267 2625 1672 2672 sitientemjustitiam,

885 2687 982 2722 pane
1002 2676 1106 2711 verbi
1125 2675 1191 2711 Dei
1224 2675 1386 2717 reficias,
1421 2677 1457 2710 et
1487 2678 1576 2720 potu
1618 2683 1674 2708 sa-

886 2722 1040 2770 pientiae
1072 2722 1287 2768 refrigeres,
1306 2725 1497 2758 errantem
1515 2731 1582 2766 per
1599 2720 1674 2755 hae-

888 2771 1017 2814 resim,
1037 2781 1102 2815 per
1123 2770 1299 2813 schisma,
1319 2769 1375 2805 vel
1396 2779 1463 2814 per
1479 2771 1673 2813 peccatum

888 2817 927 2853 in
949 2818 1103 2853 domum
1123 2817 1255 2853 matris
1279 2816 1455 2852 Ecclesiae
1477 2814 1542 2850 Dei
1564 2824 1673 2849 revo-

888 2864 1215 2910 ces,innocentem
1237 2875 1260 2900 a
1276 2863 1384 2900 malis
1401 2865 1592 2909 protegas,
1608 2871 1674 2898 nu-
