1907 3139
196 197 249 231 iles

194 271 394 305 tasmatum
416 267 454 303 in
480 267 648 303 oratione
683 266 848 313 patimur
870 292 878 309 ,
904 267 962 301 Je-
996 264 998 289 l

191 326 273 352 sum
292 314 527 361 aliquatenus
556 317 816 350 transeuntem
844 311 959 348 senti-

186 373 289 407 mus;
313 373 395 398 cum
416 372 504 398 vero
532 360 693 398 orationi
719 361 961 395 vehementer

184 409 409 454 insistimus,
430 411 530 445 Deus
551 408 589 444 in
622 408 734 444 corde
755 407 899 453 figitur,
925 410 962 442 et

181 457 244 493 lux
276 456 414 494 amisso
443 462 652 502 reparatur.
679 456 729 490 Ex
756 465 828 499 quo
856 454 962 489 doce-

182 515 279 550 mur,
301 505 400 550 quod
422 503 452 539 si
473 504 512 539 in
537 502 705 539 oratione
726 501 847 546 primo
876 511 960 536 sen-

186 551 348 588 serimus
372 552 501 587 Jesum
531 561 600 585 nos
632 549 740 595 quasi
769 550 960 594 pertrans-

187 603 355 643 euntem,
369 601 454 644 post
473 597 666 643 paululum
682 595 867 643 instanter
881 605 962 640 per-

186 649 416 688 severantes,
432 644 635 680 sentiemus
648 642 843 679 nobiscum
862 647 960 677 stan-

187 696 277 728 tem.
306 695 518 735 Interrogat
552 694 676 727 autem
699 700 855 733 caecum,
873 688 962 734 quid

186 739 288 784 velit,
316 743 357 776 ut
396 750 478 775 eum
512 738 559 774 ad
593 737 777 773 orandum
814 736 961 780 excitet,

186 788 275 833 quia
296 786 371 832 peti
389 787 467 822 vult
481 786 551 821 hoe
567 785 667 830 quod
684 787 798 819 etnos
819 786 960 830 petere,

187 838 224 869 et
240 845 279 870 se
301 833 507 869 concedere
521 831 736 879 praenoscit.
758 832 844 866 Pius
863 831 962 866 enim

185 880 369 917 Dominus
402 891 470 916 sua
500 880 597 915 dona
627 877 805 925 gratuita,
834 883 962 913 nostra
996 901 997 924 g

182 929 262 964 vult
299 939 381 964 esse
415 926 572 970 merita;
604 936 673 961 nec
714 925 794 961 vult
822 925 960 960 bonum

184 978 356 1010 nostrum
395 974 554 1009 invitum
594 978 630 1008 et
663 975 852 1016 coactum,
898 971 960 1007 sed

187 1025 442 1066 spontaneum
465 1024 500 1056 et
518 1019 791 1063 voluntarium;
809 1024 844 1054 et
865 1018 962 1064 quod
996 1031 998 1049 2

183 1068 296 1104 nobis
331 1070 466 1113 sponte
503 1066 674 1111 largitur,
710 1066 789 1100 vult
824 1066 964 1100 nostris

182 1114 425 1167 petitionibus
449 1113 629 1149 tribuere.
651 1114 695 1148 Et
714 1112 813 1157 ideo,
836 1123 961 1157 quam-

185 1173 240 1197 vis
271 1161 363 1197 sciat
384 1161 472 1206 quid
495 1159 605 1196 nobis
638 1170 790 1195 necesse
816 1159 875 1203 sit,
901 1170 964 1195 an·
997 1172 998 1203 ς

997 1219 998 1222 ’
1036 1205 1172 1249 gaudia
1209 1205 1551 1250 delectationesque
1572 1205 1727 1251 appetit,
1750 1206 1807 1241 cui

187 1212 341 1255 tequam
371 1213 565 1255 petamus;
596 1206 810 1251 importune
837 1209 962 1242 tamen

185 1267 255 1292 nos
292 1255 339 1291 ad
376 1256 578 1301 petendum
617 1253 760 1294 invitat,
795 1252 960 1289 dicens:

184 1305 299 1339 Petite
327 1306 453 1338 autem
483 1305 516 1337 et
542 1302 692 1337 dabitur
717 1301 838 1344 robis,
867 1311 963 1345 (121ae-

184 1352 255 1386 rz'te
280 1354 312 1386 et
336 1351 542 1389 invenietis,
564 1349 708 1394 pulsate
728 1351 760 1382 et
780 1350 965 1392 aperietur

186 1398 301 1433 vobis.
325 1398 364 1432 ln
384 1396 471 1432 caeci
494 1400 619 1432 autem
649 1394 827 1441 petitione
853 1394 963 1429 disci-

126 1477 129 1479 .
186 1455 284 1488 mus,
313 1445 400 1489 quia
425 1443 463 1479 in
496 1443 667 1479 oratione
702 1452 775 1477 non
815 1452 962 1486 aurum,

187 1502 308 1537 neque
329 1494 540 1536 argentum,
563 1499 684 1534 neque
704 1487 879 1534 fugitivos
900 1489 964 1523 ho-

184 1549 310 1582 nores,
333 1548 456 1583 neque
477 1536 733 1582 longiturnam
752 1534 880 1579 vitam,
903 1546 963 1569 ne-

184 1596 256 1631 que
270 1584 472 1620 vindictam
490 1583 741 1625 inimicorum,
756 1592 876 1627 neque
894 1581 962 1617 ali-

182 1633 281 1678 quod
298 1631 526 1676 temporale;
548 1630 612 1666 sed
627 1628 816 1664 ineffabile
836 1628 962 1663 lumen

181 1690 350 1726 quaerere
374 1679 567 1721 debemus,
591 1677 662 1712 hoc
683 1681 739 1711 est
767 1679 804 1710 ut
826 1675 960 1720 ipsum,

181 1726 244 1773 qui
263 1728 450 1761 illuminat
471 1735 606 1759 omnem
628 1725 804 1758 hominem
822 1725 963 1757 venien-

181 1778 249 1810 tem
266 1776 303 1808 in
318 1775 412 1808 hzme
426 1772 601 1807 mundum
618 1770 745 1805 videre
762 1770 960 1815 possimuS,

176 1822 282 1867 juxta
321 1820 418 1865 quod
458 1818 537 1864 ipse
576 1818 768 1860 admonet,
800 1816 929 1851 dicens
952 1828 959 1852 :

181 1869 339 1911 Quaerite
364 1869 524 1912 primum
544 1876 694 1909 refluum
721 1866 786 1899 Dei
806 1867 838 1898 et
852 1864 963 1907 justi-

180 1918 271 1951 tiam
295 1915 384 1960 ejus,
406 1917 439 1949 et
477 1915 547 1948 liaec
576 1913 697 1948 omnia
736 1911 962 1955 adjicientur

178 1963 293 1998 vobis.
319 1962 373 1997 Ad
396 1960 486 1996 illud
506 1961 631 1995 lumen
663 1961 788 1994 autem
823 1957 961 1992 viden-

181 2010 271 2045 dum
292 2008 458 2054 profecto
479 2008 538 2042 via
556 2007 651 2041 fides
668 2010 737 2049 est,
758 2004 846 2050 quia
867 2004 962 2039 fides

186 2067 270 2092 eum
289 2055 431 2091 salvum
454 2053 559 2097 secit;
582 2053 713 2089 videns
728 2058 851 2087 autem
872 2061 960 2086 con-

185 2104 310 2138 festim
346 2106 582 2147 praeeuntem
615 2102 741 2136 Jcsum
777 2097 958 2143 sequitur,
995 2119 996 2123 =

183 2150 335 2195 quando
357 2148 440 2193 quis
466 2148 609 2183 bonum
634 2146 734 2192 quod
763 2144 959 2189 intelligit,
995 2152 997 2187 g

183 2196 319 2232 intuitu
338 2196 420 2240 eJ'us
445 2199 635 2240 operatur,
657 2197 693 2229 et
720 2203 804 2228 eum
832 2191 960 2226 imita·
995 2223 996 2226 ,

995 2243 996 2253 ’
1033 2237 1127 2273 ritus
1148 2236 1269 2272 acrius
1286 2240 1416 2272 contra
1437 2248 1536 2281 eum,
1554 2248 1664 2283 quem
1682 2238 1729 2273 ad
1745 2249 1804 2274 ve-

994 2287 996 2315 ὲ
1032 2284 1135 2320 niam
1156 2284 1278 2319 redire
1300 2283 1474 2327 viderint,
1499 2288 1741 2330 consurgunt,
1767 2288 1803 2320 et

184 2245 258 2279 tur.
284 2244 430 2285 Quanto
461 2252 550 2286 crgo
573 2240 731 2286 quisque
752 2240 834 2285 plus
852 2250 870 2274 a
886 2240 961 2274 Deo

183 2289 431 2332 illuminatur,
452 2291 560 2324 tanto
583 2287 744 2333 amplius
773 2291 810 2322 et
837 2286 961 2331 perse-

181 2336 278 2372 etius
317 2335 354 2371 in
380 2335 490 2371 bonis
522 2334 699 2380 operibus
724 2344 896 2369 exercere
923 2343 962 2368 se
993 2335 995 2377 ζ

182 2384 306 2428 debet,
333 2382 429 2418 sicut
466 2381 535 2417 iste
564 2392 697 2425 caecus,
724 2384 874 2425 recepto
903 2380 961 2415 lu-
993 2392 995 2425 ξ

180 2430 298 2475 mine,
323 2440 398 2464 non
419 2429 525 2474 piger
550 2428 747 2472 remansit,
769 2438 838 2462 nec
859 2429 960 2462 retro

178 2477 306 2513 rediit.
322 2477 364 2511 Et
379 2476 437 2511 liic
450 2476 535 2511 talis
550 2486 626 2511 non
646 2476 767 2510 solum
783 2474 821 2509 in
839 2475 957 2508 Deum

647 196 850 229 SECUNDA}
888 195 1043 228 i‘AttTts
1081 195 1215 229 CAPUT
1255 197 1357 230 xxii

1034 268 1163 301 nostro
1184 265 1309 301 lumen
1328 266 1514 311 pet.i1nus‚·
1535 265 1564 301 si
1584 265 1733 301 tandem
1750 266 1805 302 lu-

1032 323 1113 348 cem
1124 313 1202 358 jam
1214 323 1281 359 per
1295 312 1525 349 intellectum
1539 312 1712 355 videndo,
1726 312 1806 349 illu-

1033 359 1165 395 minati
1180 364 1264 406 post
1277 359 1482 395 caecitatem
1498 370 1645 404 sumus3
1663 362 1805 406 Jesum,

1034 417 1144 452 quem
1166 410 1290 442 mente
1313 406 1513 451 cernimus,
1539 418 1650 453 opere
1674 417 1807 453 sequa-

1034 464 1129 489 mur.
1145 453 1377 499 Aspiciamus
1390 465 1462 500 quo
1477 454 1660 499 graditur,
1677 457 1712 490 et
1726 454 1758 500 ej
1767 464 1807 489 us

1032 500 1189 545 vestigia
1198 500 1378 537 imitando
1388 506 1594 536 teneamus.
1606 503 1712 544 Ecce,
1725 512 1807 536 cum

1035 546 1083 582 sit
1121 548 1300 583 Dominus
1330 551 1367 583 et
1393 553 1539 583 creator
1559 549 1806 593 Angelorum,

1035 598 1273 639 suscepturus
1286 597 1460 630 naturam
1478 600 1646 630 nostram
1668 595 1707 630 in
1726 598 1806 630 ute-

1035 652 1119 676 rum
1142 640 1305 687 Virginis
1327 640 1439 676 venit.
1458 641 1565 677 Nasci
1588 645 1714 677 tamen
1740 652 1809 688 per

1036 688 1169 724 divites
1190 688 1308 723 noluit
1326 691 1517 733 parentes,
1537 699 1722 734 pauperes
1740 690 1813 724 ele·

1036 734 1115 780 git,
1136 735 1349 780 prosperari
1373 736 1410 770 in
1429 736 1566 771 mundo
1589 735 1722 779 noluit,
1747 746 1807 782 op-

1036 783 1201 827 probria.
1223 781 1491 827 irrisionesque
1506 782 1700 827 tolerarim
1723 793 1807 828 spu-

1036 833 1087 873 ta,
1127 829 1288 874 flagella,
1324 830 1466 875 alapas,
1502 829 1669 875 spineam
1705 840 1807 865 eoro-

1036 887 1138 919 nam,
1164 887 1388 922 crucemque
1419 876 1608 912 sustinuit.
1639 878 1694 919 Et,
1720 876 1806 922 quia

1036 934 1162 959 rerum
1203 924 1467 969 temporalium
1504 923 1764 969 delectatione,
1786 934 1808 959 a

1036 971 1173 1015 gaudio
1210 976 1352 1006 aeterno
1389 969 1603 1015 cecidimus,
1625 982 1709 1006 cum
1735 981 1809 1016 qua

1036 1017 1287 1053 amaritudine
1308 1017 1397 1052 illue
1413 1017 1602 1058 redeatur,
1628 1017 1810 1055 ostendit.'

1036 1064 1130 1107 Quid
1157 1064 1282 1109 itaque
1304 1065 1415 1099 hoino
1440 1074 1506 1109 pro
1527 1075 1566 1100 se
1583 1066 1658 1110 pati
1680 1065 1806 1108 debet,

1036 1111 1064 1146 si
1082 1114 1184 1146 tanta
1200 1113 1296 1147 Deus
1316 1121 1382 1156 pro
1396 1111 1610 1147 hominibus
1624 1112 1810 1157 pertulit?

1036 1158 1189 1193 Diverso
1232 1158 1367 1204 quippe
1400 1157 1535 1194 itinere
1561 1159 1743 1203 ambulat,
1778 1157 1808 1195 s'i

1037 1252 1108 1287 dux
1128 1262 1216 1287 suus
1231 1252 1328 1287 viam
1347 1251 1609 1287 amaritudinis
1628 1252 1805 1288 ostendit.

1037 1299 1073 1335 Si
1094 1309 1182 1345 ergo
1202 1298 1460 1334 retributionis
1475 1298 1654 1344 gaudium
1672 1299 1709 1334 in
1727 1310 1806 1345 per-

1036 1345 1211 1381 ventione
1231 1345 1690 1391 quceriinus‚poenitentiae
1708 1357 1808 1382 ama-

1036 1392 1239 1428 ritudinem
1258 1394 1295 1428 in
1311 1392 1589 1428 viateneanius.
1610 1393 1668 1429 Sic
1682 1393 1808 1438 itaque

1037 1440 1091 1484 fit,
1121 1442 1162 1475 ut
1195 1451 1270 1475 non
1305 1440 1425 1475 solum
1459 1443 1589 1475 nostra
1623 1439 1662 1476 in
1689 1442 1807 1476 Deum

1036 1486 1110 1522 vita
1139 1486 1329 1532 proficiat;
1360 1487 1425 1522 sed
1458 1487 1538 1522 haec
1565 1486 1646 1532 ipsa
1681 1490 1810 1523 nostra

1035 1533 1269 1568 conversatio
1298 1535 1345 1569 ad
1371 1533 1520 1569 landem
1556 1533 1621 1569 Dei
1652 1537 1688 1569 et
1714 1534 1807 1570 alios

1035 1580 1215 1616 accendat
1236 1592 1243 1615 ε
1265 1594 1283 1610 w
1303 1580 1382 1615 haee
1402 1581 1609 1624 Greyorz'us.

1083 1632 1101 1662 5
1124 1629 1247 1662 EADEM
1262 1638 1491 1663 anemurio
1510 1639 1711 1663 ANAGs)t1'lCE
1734 1639 1805 1664 cci-

1035 1686 1135 1709 Linnr
1174 1685 1365 1710 raccnom
1399 1686 1605 1710 ArrchTA.
1638 1696 1682 1700 —
1717 1676 1803 1711 Haec

1035 1722 1162 1764 etiam,
1191 1732 1275 1766 quae
1307 1721 1352 1756 de
1383 1732 1479 1757 caeco
1506 1722 1605 1757 dicta
1629 1725 1729 1765 sunt,
1757 1722 1804 1757 ad

1034 1778 1338 1813 unumquemque
1359 1772 1593 1814 peccatorem
1606 1769 1674 1804 hoc
1695 1770 1804 1805 modo

1034 1815 1166 1851 referri
1199 1818 1366 1860 possunt.
1391 1816 1457 1858 Qui
1479 1816 1578 1851 enim
1611 1815 1805 1851 criminale

1033 1867 1229 1908 peccatum
1253 1862 1451 1897 committit
1476 1862 1515 1898 in
1536 1873 1661 1909 opere,
1685 1873 1804 1899 caecus

1035 1913 1088 1945 est
1107 1909 1145 1944 in
1163 1912 1302 1945 mente.
1322 1909 1408 1953 Sed,
1427 1909 1455 1944 si
1471 1910 1541 1945 iter
1560 1909 1727 1945 veritatis
1745 1909 1804 1945 in-

1033 1956 1139 2002 gredi
1161 1956 1314 2001 cupiens
1335 1967 1401 2002 pro
1426 1959 1567 1992 {eterna
1589 1956 1665 1992 vita
1688 1967 1808 2002 coepe-

1032 2003 1082 2037 rit
1101 2002 1280 2047 cogitare,
1302 2006 1337 2038 et
1358 2003 1405 2038 ad
1429 2005 1545 2039 Deum
1568 2006 1653 2049 post
1672 2014 1803 2049 pecca-

1032 2052 1111 2085 tum
1140 2049 1278 2094 tlendo,
1299 2053 1335 2084 ct
1360 2049 1510 2085 veniam
1531 2051 1692 2096 petendo
1717 2050 1804 2086 red-

1033 2096 1113 2139 ire;
1138 2107 1243 2131 secus
1269 2096 1367 2131 viam
1400 2098 1517 2139 sedet,
1543 2100 1578 2132 et
1601 2097 1801 2133 mendicat.

1034 2145 1309 2179 Praetereuntes
1349 2154 1438 2178 vero
1479 2143 1667 2179 silentium
1706 2155 1803 2180 caeco

1032 2189 1224 2236 imponere
1246 2189 1390 2234 volunt,
1415 2189 1502 2235 quia
1529 2190 1711 2226 immundi
1729 2190 1804 2237 spi-

1033 2342 1080 2367 ne
1100 2334 1273 2377 peccator
1298 2330 1345 2366 ad
1372 2331 1631 2376 poenitentiam
1652 2331 1803 2371 redeat,

1033 2378 1302 2414 contradicunt.
1344 2379 1417 2413 Nee
1455 2378 1574 2414 solum
1621 2378 1802 2414 immundi

1033 2424 1199 2470 spiritus,
1221 2424 1285 2460 sed
1313 2424 1426 2459 etiam
1462 2424 1543 2470 ipsa
1573 2425 1801 2461 consuetudo

993 2471 994 2484 ³
1032 2471 1213 2518 peccandi
1256 2472 1384 2506 durius
1424 2471 1554 2517 incipit
1603 2472 1801 2514 rebellare,

180 2524 355 2570 proficit3
377 2522 441 2558 sed
467 2522 579 2557 etiam
614 2522 707 2557 alios
735 2522 782 2557 ad
812 2520 960 2556 laudem
992 2545 994 2551 .

178 2570 244 2606 Dei
263 2569 448 2606 accendit.
470 2570 537 2605 L'bi
557 2568 609 2604 ait
630 2570 825 2613 Greglorz'us
847 2579 855 2602 :
883 2582 900 2599 «
923 2567 959 2602 Si
992 2590 993 2598 1

179 2628 289 2664 ergo,
330 2616 465 2651 fratres
510 2615 707 2659 carissimi,
737 2616 956 2658 caecitatem,
991 2632 992 2666 i

174 2665 253 2711 jam
273 2666 410 2700 nostrae
429 2661 741 2708 peregrinationis
768 2671 957 2707 recogno-
990 2673 992 2686 ³

180 2711 319 2747 scimus
337 2722 346 2754 ς
369 2710 412 2754 si,
434 2709 620 2745 credendo
640 2708 677 2744 in
698 2706 958 2753 Redeniptoris
988 2700 991 2750 J

177 2758 298 2794 nostri
326 2755 562 2803 mysterium,
592 2757 696 2802 Juxta
722 2756 821 2790 viam
850 2755 956 2790 sede-
987 2753 990 2798 Ι

176 2816 277 2849 inus3
297 2804 341 2849 si,
359 2804 544 2840 exorando
562 2801 726 2848 quotidie
739 2802 785 2837 ab
795 2802 955 2837 Auctore
986 2801 988 2832 l

1031 2529 1115 2554 cum
1138 2518 1310 2562 senserit,
1337 2521 1420 2563 post
1444 2521 1593 2554 assueta
1616 2519 1727 2563 mala,
1752 2518 1799 2554 ad

1030 2567 1186 2601 virtutes
1221 2564 1411 2600 hominem
1440 2565 1534 2601 velle
1568 2565 1704 2601 redire.
1729 2564 1800 2601 Sed

1031 2624 1103 2658 quo
1120 2611 1242 2648 acrius
1263 2622 1302 2647 se
1318 2613 1431 2647 sentit
1453 2612 1661 2659 impugnari
1681 2622 1704 2648 a
1723 2622 1799 2647 ma-

1029 2660 1217 2705 lignorum
1256 2658 1454 2703 spirituum
1488 2659 1708 2703 tentatione,
1730 2669 1797 2694 seu

1029 2707 1075 2742 ab
1110 2706 1190 2752 ipsa
1225 2705 1404 2751 peccandi
1437 2705 1727 2750 consuetudine,
1753 2716 1797 2741 eo

1029 2753 1160 2789 fortius
1177 2752 1288 2789 debet
1307 2752 1474 2799 exemplo
1493 2753 1602 2799 hujus
1620 2752 1707 2788 caeei
1725 2763 1796 2798 pu-

1029 2810 1144 2846 gnare
1170 2799 1206 2835 in
1226 2799 1410 2844 oratione,
1431 2799 1627 2836 clamando
1645 2809 1713 2845 per
1731 2798 1792 2834 de-
