1907 3139
154 174 214 209 314
651 176 858 211 SECUNDE
894 173 1051 210 PARTIS
1088 175 1227 208 CUPUT
1266 176 1286 209 L

149 247 296 282 scruter
327 242 622 294 diligentissime
654 247 754 284 facta
787 250 926 291 vestra,

150 303 226 328 non
247 275 439 331 inveniam
453 295 553 331 unde
572 296 843 338 vosdamnem3
864 295 932 330 sed

152 339 217 383 ite,
249 343 425 387 percipite
455 352 632 386 reqnum:
653 343 930 385 Esmz'vz'enz'm,

153 390 187 422 et
203 387 357 424 dedistis
374 391 467 424 mihi
484 389 726 433 manducate,
748 399 823 424 non
842 399 882 424 er
884 399 930 434 go

151 433 213 470 itis
237 434 277 470 in
310 446 484 482 regnum,
519 436 606 482 quia
632 447 708 471 non
729 445 796 481 per
803 435 928 479 castis,

151 481 217 517 sed
237 481 324 527 quia
355 487 507 529 peccata
527 485 653 518 vestra
679 481 929 528 eleemosynis

147 528 375 566 redemistis.
414 532 555 566 Rursus
585 535 622 565 et
653 528 725 564 illis
756 541 763 564 :
805 531 857 565 Ite
890 531 930 565 in

149 577 270 619 iqnem
290 581 476 621 aeternum,
511 576 590 612 sine
610 576 723 612 dubio
743 575 930 612 videbunt

151 623 296 669 sejuste
318 623 489 659 damnari
510 634 578 669 pro
597 623 801 659 sceleribus
823 623 899 659 suis
919 634 927 667 ;

152 672 190 705 at
211 670 318 716 quasi
338 670 392 707 eis
428 671 569 706 diceret
593 681 600 705 z
624 670 703 705 Non
725 670 811 706 inde
828 671 928 706 unde

149 717 302 763 putatis,
328 719 392 753 sed
414 717 502 763 quia
523 718 674 761 esurivi,
699 720 732 752 et
763 728 834 753 non
866 718 927 753 de-

150 764 260 799 distis
293 766 386 799 mihi
426 765 659 800 mztizdtware.
685 764 721 800 Si
749 764 850 800 enim
881 766 928 801 ab

150 809 224 846 illis
245 811 418 847 omnibus
438 811 572 847 vestris
599 810 708 847 factis
735 811 869 856 aversi,
892 814 929 848 at

151 858 195 893 ad
212 868 272 894 me
293 859 463 894 conversi
482 859 544 894 illa
560 859 689 894 omnia
702 858 862 894 crimina
877 863 931 895 at-

151 915 223 950 que
250 910 402 951 peccata
428 905 675 952 eleemosynis
704 906 929 942 redemisse-

152 952 212 996 tis,
246 954 335 997 ipsae
360 954 607 999 eleemosynae
644 953 755 988 modo
784 953 930 989 libera—

150 1002 235 1034 rent
255 1008 333 1044 vos,
356 1002 391 1035 et
411 1011 433 1036 a
453 1004 559 1036 reatu
586 1003 775 1036 tantorum
800 1000 929 1036 crimi-

149 1056 240 1082 num
260 1046 497 1083 absolverent
520 1059 527 1082 :
550 1049 653 1082 Beati
673 1046 773 1082 enim
792 1049 930 1083 miseri-

150 1095 287 1138 cordes,
325 1097 496 1139 quoniam
532 1096 606 1140 ‘ipsc'
640 1096 929 1130 misericordiam

149 1144 435 1186 consequentw¹3
469 1145 505 1177 et
525 1153 533 1177 z
556 1141 743 1177 Jadicium
764 1143 842 1177 sine
862 1145 929 1178 mi-

148 1189 360 1230 sericordia,
381 1190 426 1234 ei,
443 1191 508 1234 qui
524 1199 594 1224 non
614 1190 703 1232 fecit
724 1191 930 1225 misericor-

151 1236 250 1270 diam
274 1247 282 1271 ε
305 1249 322 1269 »
344 1236 422 1272 liaec
447 1238 693 1280 Augustinus.

201 1285 238 1326 ¹4
262 1283 311 1319 Pn
315 1294 471 1319 masma
475 1295 614 1319 moxis
631 1295 672 1319 ET
686 1295 728 1319 pn
733 1292 899 1319 nscmxri
904 1296 932 1319 τε

150 1341 350 1367 DISCRIMEN.
375 1351 413 1356 -
443 1331 651 1378 Sicutergo
674 1330 776 1371 boni
792 1332 931 1376 quibus

147 1381 319 1430 paratum
343 1380 401 1414 est
422 1388 579 1424 regnum
615 1389 637 1414 a
666 1377 931 1414 constitutione

144 1424 291 1469 mundi,
331 1427 537 1471 antequam
564 1425 712 1469 fierent,
751 1426 797 1461 ad
817 1425 930 1461 vitain

145 1478 326 1508 aeternam
343 1477 450 1509 erant
465 1473 735 1519 praedestinati3
756 1472 807 1508 sic
828 1473 929 1517 mali,

146 1519 211 1565 qui
236 1520 429 1556 mittentur
450 1520 488 1555 in
509 1520 632 1565 ignem
652 1523 824 1566 paratum
843 1520 931 1556 dia—

146 1567 231 1603 bolo
267 1570 304 1603 et
335 1566 481 1612 angelis
513 1568 599 1609 suis,
621 1577 643 1602 a
664 1567 931 1603 constitutione

147 1614 291 1658 mundi,
311 1619 515 1657 antequam
534 1615 680 1657 tierent,
704 1614 750 1650 ad
772 1618 931 1650 mortem

148 1664 256 1697 erant
280 1661 457 1707 praesciti.
491 1663 553 1697 Est
574 1667 699 1697 autem
719 1661 930 1697 differentia

147 1708 248 1744 inter
273 1708 642 1754 praedestinationem
664 1714 700 1744 et
721 1719 797 1754 pra
802 1709 930 1745 scien-

147 1755 253 1799 tiam,
276 1755 365 1800 quia
388 1755 669 1802 praedestinatio
691 1759 746 1791 est
769 1766 930 1802 piaecog-

150 1801 243 1838 nitio
277 1803 592 1848 bon01u1n,cum
623 1803 840 1839 causalitate
867 1814 929 1839 ‹0-

148 1850 345 1894 lumilem;
369 1851 433 1886 sed
455 1849 691 1896 praescientia
716 1849 803 1886 dicit
831 1861 928 1903 prte-

149 1896 403 1942 cognitionem
426 1900 598 1943 respectu
628 1897 813 1933 malorum
847 1897 928 1934 sine

151 1943 387 1988 causalitate,
407 1955 489 1989 quae
508 1944 633 1997 potius
651 1944 791 1980 residet
810 1955 928 1991 penes

149 1990 310 2027 liberum
328 1991 540 2028 arbitrium
565 1991 621 2027 Fit
641 1995 767 2028 autem
795 1992 926 2028 condi-

152 2037 338 2074 tionaliter
361 2039 642 2084 praedesttnatio
662 2038 742 2082 Dei,
758 2039 927 2084 nihilque

151 2084 232 2122 sine
251 2084 377 2131 aliqua
387 2085 603 2122 conditione
619 2085 927 2132 praedestinatum

153 2136 238 2169 est:
263 2133 570 2179 predestinatum
592 2137 648 2168 cst
670 2132 769 2169 euim
789 2137 828 2169 nt
846 2134 928 2169 sal—

151 2183 302 2216 varetur
324 2180 500 2225 mundus,
524 2180 589 2216 sed
616 2190 684 2225 per
704 2191 841 2225 aquarn
861 2182 927 2217 Ba-

148 2226 337 2273 ptismatis
359 2230 396 2263 et
419 2231 579 2263 mortem
599 2227 679 2262 Filii
703 2227 791 2271 Dei;
822 2239 927 2274 prce-

152 2273 325 2309 destinati
345 2277 431 2310 sunt
451 2285 582 2310 omnes
599 2274 684 2310 boni
699 2275 773 2319 adg,
768 2257 927 2320 loriam,

153 2330 198 2356 ea
218 2323 344 2356 tamen
364 2321 592 2366 conditione,
613 2321 643 2356 si
665 2321 816 2357 fideinte
836 2333 929 2358 nue-

151 2367 240 2412 rint,
264 2366 292 2403 si
317 2369 526 2411 caritatem,
552 2367 583 2404 si
611 2368 875 2413 humilitatem,
898 2370 927 2405 si

153 2414 390 2461 patientiam,
421 2415 451 2451 si
473 2415 771 2452 misericordiam
793 2419 828 2452 et
849 2416 927 2462 pie-

152 2464 282 2506 tatem,
306 2461 419 2498 ethis
452 2462 590 2498 similia
608 2463 820 2499 habuerint.
850 2466 928 2500 Ta—

153 2508 207 2545 les
235 2508 336 2545 enim
371 2520 433 2545 eos
460 2509 604 2545 futuros
624 2510 810 2556 praexidit,
834 2522 928 2556 quos

152 2557 251 2592 Deus
268 2557 316 2592 ad
330 2557 445 2592 vitam
465 2557 772 2602 praedestinavit;
790 2561 825 2594 et
841 2569 928 2612 qua-

153 2602 184 2639 si
199 2603 503 2649 praedestinando
520 2603 572 2639 eis
590 2604 743 2640 diceret:
757 2607 831 2651 Ego
843 2605 926 2651 qui-

152 2650 239 2686 dem
259 2651 307 2686 ad
328 2650 442 2686 vitam
464 2661 529 2686 vos
550 2651 791 2697 praedestino,
820 2652 850 2688 si
871 2655 925 2689 ta-

152 2707 240 2734 men
266 2698 360 2734 tales
382 2702 418 2734 et
434 2698 529 2734 tales
546 2698 705 2741 lueritis,
725 2698 754 2734 si
778 2700 928 2735 manda-

155 2748 191 2780 ta
212 2755 296 2780 mea
322 2744 588 2789 custodieritis,
611 2745 641 2781 si
665 2746 779 2782 sidem
801 2750 835 2782 et
859 2746 926 2782 nii—

154 2791 402 2836 ser1cordiam
423 2791 645 2836 habueritis,
667 2796 703 2828 et
723 2792 752 2828 si
774 2792 812 2828 in
829 2794 928 2830 hono

1004 246 1156 282 tandem
1178 245 1321 283 inventi
1342 246 1501 283 fueritis.
1525 247 1592 291 Qui
1614 256 1702 293 ergo
1724 251 1780 284 ta-

1004 293 1049 331 lis
1070 304 1151 329 esse
1173 304 1248 330 non
1284 294 1375 338 vult,
1398 294 1463 340 qui
1497 295 1676 331 mandata
1711 296 1778 332 Dei

1005 341 1191 377 custodire
1214 351 1290 377 non
1325 341 1480 386 nititur·
1505 341 1589 378 ideo
1611 352 1686 378 non
1707 353 1779 379 ve—

1005 387 1060 423 nit
1086 389 1133 424 ad
1163 388 1549 434 praedestinationem,
1587 391 1673 434 quia
1704 399 1780 425 non

1005 439 1128 471 servat
1144 435 1410 471 conditionem.
1431 436 1642 483 Noliigitur
1662 439 1780 472 atten-

1004 482 1094 518 dere
1114 483 1161 518 ad
1182 465 1561 528 praedestinationem
1579 483 1644 519 Dei
1664 493 1776 529 quam

1005 530 1181 574 ignoras,
1208 530 1361 565 attende
1381 530 1427 565 ad
1445 532 1573 575 verba,
1599 541 1682 576 quae
1703 541 1777 566 au·-

1005 576 1062 612 dis
1080 580 1117 612 et
1134 575 1326 621 intelligis.
1334 576 1436 612 Sicut
1458 578 1557 613 enim
1565 559 1774 623 ’‘pizedesti-

1005 623 1157 659 natione
1174 634 1360 658 suaverus
1379 626 1436 659 est
1451 625 1565 663 Deus.
1585 627 1622 660 et
1639 624 1776 660 mutari

1003 681 1079 705 non
1093 673 1231 723 potest,
1244 669 1295 706 ita
1307 673 1343 705 et
1355 671 1468 706 verba
1481 672 1562 717 ejus
1573 682 1662 707 vera
1675 674 1776 716 sunt,

1005 720 1040 753 et
1073 716 1210 753 mutari
1240 728 1316 753 non
1350 722 1522 763 possunt.
1555 719 1627 754 Sed
1647 719 1776 755 audia-

1003 775 1086 800 mus
1107 774 1280 810 quaenam
1303 763 1376 800 sint
1394 765 1473 801 haec
1494 766 1635 802 verba:
1658 767 1781 801 Pecca

1003 815 1072 854 tor,
1096 811 1232 857 inquit,
1255 823 1481 858 quacumque
1493 814 1580 848 hora
1593 823 1783 849 conversus

1002 860 1086 902 fuci
1091 861 1118 894 it
1136 863 1168 895 ct
1190 861 1422 912 z'nJeiizueiz't,
1443 862 1521 895 vita
1539 863 1636 896 vwet
1657 864 1689 896 et
1711 871 1783 896 non

1004 908 1198 950 monetam
1223 910 1259 942 et
1288 888 1425 943 iteruni
1450 918 1457 942 :
1480 909 1522 944 Si
1541 909 1728 943 volueritis
1751 911 1784 944 et

1003 954 1196 989 malarteis
1222 964 1290 998 me,
1316 955 1407 990 bona
1434 958 1534 990 terrae
1562 956 1781 998 comedetis,-

1005 1001 1100 1046 quod
1121 1003 1154 1035 si
1182 1002 1386 1045 nolueritis,
1410 1003 1559 1046 ylartius
1595 1003 1784 1038 devorabit

1004 1047 1265 1084 t¹os.Siiiiilite1¹
1281 1048 1319 1084 in
1336 1049 1535 1094 Evangelio
1553 1049 1695 1095 inquit:
1714 1050 1785 1093 Qui

1004 1096 1213 1139 crediderit,
1233 1099 1266 1131 et
1288 1096 1496 1142 baptizatas
1528 1098 1658 1141 fucrit,
1693 1101 1780 1141 etc.;

1004 1145 1040 1178 et
1067 1142 1204 1178 iterum
1228 1154 1238 1178 .·
1261 1144 1304 1179 Si
1333 1144 1548 1179 elzrniseritis
1575 1144 1784 1179 hominibus

1004 1194 1154 1235 peccata
1183 1200 1318 1234 eoium,
1342 1191 1502 1226 (Iimzttet
1541 1192 1643 1226 vobis
1673 1193 1783 1226 Pater

1008 1241 1121 1272 vester
1135 1238 1298 1281 csrlcstz's,
1318 1241 1389 1274 etc.
1412 1239 1484 1274 Nec
1506 1248 1653 1284 quoeias
1670 1238 1783 1274 aliam

1006 1283 1437 1336 pedestinationem.1n
1460 1283 1517 1321 his
1544 1285 1643 1321 enim
1661 1285 1784 1322 verbis

1007 1331 1130 1367 omnis
1151 1335 1185 1367 et
1202 1331 1285 1367 vitae
1305 1335 1339 1368 et
1358 1343 1439 1368 mor
1444 1332 1489 1368 tis
1504 1332 1783 1378 praedestinatio

1006 1380 1043 1414 et
1071 1378 1309 1431 praescientia
1339 1379 1545 1415 consistit:
1568 1380 1597 1415 si
1621 1381 1701 1416 haec
1722 1381 1782 1416 le-

1007 1426 1117 1470 cetis,
1139 1437 1178 1462 05
1164 1431 1219 1462 sto
1252 1427 1608 1471 seet11¹11S,etcrede
1630 1426 1781 1463 indubi-

1008 1476 1142 1514 tanter,
1172 1473 1259 1519 quia
1280 1474 1326 1509 ad
1348 1474 1462 1509 vitam
1482 1478 1662 1510 aetirnam
1682 1485 1782 1521 pree-

1007 1520 1215 1556 destinatus
1241 1531 1293 1565 es;
1313 1522 1412 1567 quod
1435 1521 1479 1564 si,
1504 1522 1678 1557 indurato
1702 1532 1780 1557 cor-

1006 1567 1066 1605 de
1095 1568 1172 1603 liaec
1199 1568 1322 1603 facere
1346 1568 1527 1612 nolueiis,
1562 1572 1599 1604 et
1634 1570 1669 1604 in
1708 1570 1777 1604 hae

1007 1614 1149 1651 malitia
1180 1616 1494 1661 perseveraveris,
1517 1626 1585 1668 pro
1617 1620 1718 1652 certo
1742 1620 1780 1652 te

1006 1663 1102 1697 scias
1136 1662 1183 1697 ad
1213 1666 1372 1698 mortem
1393 1673 1437 1708 pr
1440 1663 1622 1698 0(5(ῑίῑυῐῐι.
1644 1663 1780 1706 Quam-

1004 1708 1059 1744 vis
1083 1708 1185 1744 enim
1206 1709 1332 1745 nullus
1362 1710 1473 1745 homo
1507 1710 1555 1745 ad
1584 1713 1778 1756 peccatum

1006 1755 1051 1791 sit
1074 1756 1379 1802 praedestinatus,
1402 1756 1525 1793 omnis
1556 1760 1681 1793 tannen
1704 1758 1779 1792 ho—

1004 1813 1079 1847 mo,
1103 1807 1168 1839 aut
1189 1804 1236 1839 ad
1276 1803 1448 1849 gloriam,
1472 1807 1535 1840 aut
1567 1805 1614 1840 ad
1635 1804 1779 1850 suppli-

1004 1850 1101 1886 cium
1126 1854 1182 1886 est
1205 1851 1400 1897 praevisus.
1423 1852 1553 1887 Nullus
1568 1862 1658 1896 ergo
1678 1851 1777 1887 dicat

1003 1898 1140 1933 frustra
1175 1908 1213 1934 50
1238 1908 1347 1934 orare
1374 1900 1505 1942 Deum,
1529 1902 1565 1934 et
1585 1899 1658 1934 alia
1685 1899 1782 1935 bona

1002 1944 1137 1989 facere;
1151 1945 1328 1991 quoniam
1344 1945 1625 1991 pi·aedestinatio
1639 1945 1779 1989 divina,

1001 2002 1084 2037 quae
1112 1996 1167 2028 est
1202 1993 1430 2038 praeparatio
1452 1993 1584 2038 gratiae
1621 1992 1659 2028 in
1681 2003 1778 2038 prae—

1003 2038 1113 2084 senti,
1137 2042 1172 2075 et
1193 2039 1323 2085 gloriae
1342 2039 1381 2075 in
1402 2040 1543 2084 futuro,
1564 2050 1647 2076 cuin
1667 2040 1714 2075 sit
1732 2051 1779 2076 ae-

1002 2088 1123 2126 terna,
1138 2086 1231 2122 sicut
1247 2088 1292 2123 ab
1312 2091 1453 2122 aeterno
1471 2088 1566 2122 Deus
1584 2086 1779 2133 praedesti-

1002 2133 1105 2169 navit
1122 2133 1287 2179 aliquem
1306 2134 1353 2170 ad
1372 2133 1657 2180 beatitudinem,
1674 2136 1726 2170 ita
1744 2139 1782 2170 et

1002 2180 1270 2226 praiordinavit
1285 2180 1437 2217 modum
1458 2191 1524 2227 per
1539 2191 1651 2227 quem
1671 2181 1778 2217 daret

1003 2227 1072 2263 sibi
1102 2228 1205 2264 illam
1234 2228 1520 2273 beatitudinem,
1540 2228 1680 2264 scilicet
1713 2239 1780 2274 per

1002 2275 1138 2311 merita
1159 2286 1226 2311 sua
1255 2278 1292 2311 et
1323 2276 1546 2311 orationem.
1578 2274 1778 2311 Praedesti-

1001 2322 1102 2358 natio
1141 2322 1241 2358 enim
1275 2322 1399 2358 taliter
1432 2326 1488 2358 est
1528 2322 1714 2367 instituta,
1741 2326 1781 2359 ut

1001 2370 1176 2416 precibus
1197 2372 1233 2406 et
1252 2369 1444 2406 laboribus
1464 2368 1707 2413 obtineatur‚·
1737 2374 1777 2405 et

1002 2417 1086 2452 ideo
1109 2416 1234 2453 nullus
1254 2417 1392 2453 frustra
1420 2420 1501 2453 orat
1538 2417 1668 2461 Deum,
1690 2416 1779 2462 quia

1003 2463 1122 2500 oratio
1149 2467 1206 2500 est
1223 2463 1314 2500 illud
1333 2473 1400 2510 per
1420 2464 1521 2510 quod
1548 2474 1589 2500 ex
1617 2464 1778 2500 ordina—

1002 2511 1102 2547 tione
1128 2511 1253 2547 divina
1279 2511 1390 2547 debet
1416 2512 1594 2557 consequi
1614 2510 1777 2557 gratiam

1004 2562 1040 2594 et
1061 2557 1219 2604 gloriam
1240 2570 1248 2602 ;
1272 2561 1308 2594 et
1337 2558 1468 2594 eadem
1505 2558 1600 2594 ratio
1635 2561 1692 2594 est
1730 2558 1777 2594 de

1003 2605 1180 2642 omnibus
1201 2605 1283 2641 aliis
1303 2605 1424 2649 boniS,
1448 2606 1535 2651 quia
1556 2605 1693 2641 cadunt
1707 2605 1775 2641 sub

1003 2652 1135 2689 ordine
1157 2651 1293 2688 divinae
1323 2651 1676 2698 praedestinationis
1700 2653 1773 2688 Un-

1003 2700 1049 2736 de
1083 2699 1178 2736 sicut
1214 2701 1312 2736 Deus
1356 2699 1518 2745 aliquem
1558 2699 1777 2736 salvandum

1002 2746 1197 2793 praevidet,
1219 2746 1272 2782 sic
1306 2749 1342 2782 et
1371 2747 1525 2783 modum
1542 2757 1613 2793 quo
1635 2745 1771 2782 salvari

1003 2795 1152 2831 debeat.
1187 2794 1345 2839 Proptei
1364 2793 1433 2830 hoc
1455 2794 1590 2830 stultus
1616 2796 1686 2838 est,
1713 2791 1774 2839 qui
