1907 3139
139 143 198 176 308
630 137 838 172 SECUNDAE
874 137 1031 171 PARTIS
1069 137 1208 170 CAPUT
1244 135 1266 169 L

143 211 279 248 mulin
306 209 454 256 pascuis
474 218 563 245 oves
591 211 627 243 et
654 206 769 250 hoedi,
791 206 855 241 scd
878 204 916 240 in

144 268 299 304 vespere
327 260 456 304 pastor
482 267 546 292 eos
572 258 767 301 segregat3
793 252 846 288 sic
879 253 917 287 in

143 306 220 341 vita
238 303 415 350 praesenti
443 306 528 339 sunt
550 302 589 338 in
612 300 776 337 Ecclesia
807 298 918 335 simul

144 352 290 389 boniet
324 350 426 395 mali,
451 350 516 386 sed
543 349 583 384 in
609 358 764 393 vespere
787 346 918 382 mortis

142 411 208 436 seu
230 398 376 442 mundi,
397 396 589 444 separabit
610 394 780 431 Christus
798 394 919 429 bonos

141 445 304 490 amalis,
325 445 420 481 sicut
451 454 538 480 oves
568 443 615 478 ab
649 440 915 492 hoedis-Sepa-

138 493 250 538 rabit,
279 495 434 538 inquam
467 503 475 526 :
509 489 656 532 merito,
688 497 814 523 omnia
843 497 919 522 me-

139 540 213 577 rita
255 538 530 581 discernend03
573 537 669 579 Ιοοο,
697 534 780 570 loca
813 533 918 569 varia

139 587 390 633 assignand03
418 584 624 627 vocabulo,
657 580 814 617 diversis
846 591 909 616 no-

140 634 305 671 minibus
336 631 557 678 appellando
578 631 646 665 hos
669 629 813 671 hcedos,
832 627 916 663 illos

140 692 241 718 oves.
263 683 304 716 In
330 679 462 716 ovibus
482 676 708 723 intelligitur
729 676 916 710 innocen-

139 728 191 764 tia
213 729 411 769 bonorum,
437 728 591 771 propter
622 722 914 768 simplicitatem,

140 774 356 817 mititatem,
377 771 680 813 toecunditatem3
718 769 758 804 in
796 768 916 804 hoedis

140 818 604 866 intelligiturperversitas
621 817 821 860 malorum,
834 826 918 862 pro-

140 872 222 914 pter
241 867 462 909 foeditatem,
482 864 815 911 impetuositatem,
847 866 917 898 ste-

139 915 332 951 rilitatem.
360 914 462 950 Unde
491 914 763 956 Chrysostomus
785 923 794 945 :
817 924 835 943 <‹
851 912 918 945 De-

139 961 239 1001 inde.
286 972 308 997 a
343 959 562 996 nominibus
596 958 917 1003 uniuscujusque,

139 1009 293 1045 modum
320 1006 494 1046 ostendit,
517 1007 586 1041 hos
615 1004 767 1050 quidem
788 1004 918 1039 hoedos

140 1066 294 1099 vocans,
323 1055 393 1090 hos
416 1056 541 1089 autem
569 1062 657 1087 oves
680 1063 688 1086 z
719 1054 759 1086 ut
782 1051 917 1086 horum

140 1102 293 1149 quidem
326 1098 698 1136 infructificationem
729 1098 917 1142 ostendat,

140 1149 265 1185 nullus
280 1148 381 1184 enim
402 1148 448 1183 ab
469 1146 588 1182 hoedis
604 1146 746 1181 fructus
767 1145 833 1188 fit3
856 1145 920 1180 ho-

140 1207 225 1232 rum
248 1200 374 1232 autem
400 1194 559 1230 multum
581 1196 765 1238 quaestum
786 1195 919 1227 osten—

140 1244 219 1288 dat,
241 1242 381 1279 etenim
410 1241 546 1277 multus
567 1240 693 1276 ovium
727 1242 783 1275 est
810 1249 920 1284 quae—

141 1294 234 1334 stus,
265 1294 300 1326 et
329 1300 351 1325 a
378 1289 464 1325 lana
504 1289 688 1332 lacteque,
708 1291 745 1322 et
780 1286 826 1322 ab
863 1285 920 1321 his

142 1349 226 1383 quae
247 1337 525 1383 parturiuntur,
542 1346 564 1371 a
586 1334 723 1381 quibus
737 1332 921 1369 universis

143 1386 315 1421 desertus
351 1387 408 1419 est
446 1382 588 1418 hoedus.
627 1395 645 1415 »
679 1382 722 1416 Et
753 1381 919 1417 iterum:

145 1446 163 1466 «
186 1433 295 1475 Oves,
318 1429 490 1466 homines
504 1429 596 1475 justi
617 1439 625 1463 ε
644 1432 799 1474 propter
820 1438 923 1463 man-

145 1479 400 1522 suetudinem,
434 1478 521 1522 quia
547 1475 617 1522 ipsi
644 1474 833 1510 neminem
856 1475 921 1510 lae-

146 1527 252 1569 dunt,
294 1529 331 1561 et
369 1527 525 1570 propter
563 1521 801 1568 patientiam,
836 1521 923 1566 quia

144 1584 229 1609 cum
247 1573 294 1609 ab
313 1572 397 1608 aliis
418 1571 517 1606 laesa:
540 1569 692 1610 fuerint,
711 1568 893 1603 sustinent
912 1579 920 1612 ;

142 1620 274 1655 hoedos
295 1625 419 1655 autem
442 1616 612 1653 homines
632 1619 849 1661 peccatores
867 1615 921 1650 di—

147 1666 211 1710 cit,
242 1666 328 1711 quia
360 1665 398 1700 in
426 1663 549 1710 capris
582 1664 662 1698 haec
702 1661 924 1697 naturaliter

146 1713 273 1749 insunt
295 1712 383 1748 vitia
404 1724 411 1747 z
432 1711 547 1747 libido
573 1720 652 1755 pra:
687 1709 821 1744 ceteris
848 1708 925 1744 ani-

146 1760 321 1802 malibus,
350 1757 538 1805 superbia,
555 1757 647 1800 rixa,
667 1755 819 1799 invidia,
833 1766 922 1791 con-

147 1806 379 1853 cupiscentia
402 1806 513 1851 gulae,
548 1807 585 1839 et
611 1802 838 1838 clamoribus
867 1813 924 1838 su-

146 1865 214 1900 per
241 1853 370 1889 omnia
396 1852 584 1897 garrutae,
610 1851 648 1885 in
670 1850 846 1886 omnibus
867 1849 925 1884 his

145 1901 245 1936 vitiis
279 1904 495 1946 peccatores
527 1898 734 1939 abundant,
770 1900 807 1932 et
839 1896 924 1932 ideo

146 1948 265 1984 hoedis
293 1951 378 1983 sunt
408 1945 605 1982 assimilati
629 1956 637 1979 :
661 1957 678 1977 ))
710 1945 789 1979 haec
812 1944 923 1987 Chry-

144 1999 333 2031 sostomus.
359 1997 406 2030 Et
426 1997 561 2028 statuet
588 2002 680 2031 oues,
704 2002 769 2026 seu
791 1992 923 2033 bonos,

146 2054 167 2078 α
191 2043 336 2077 deoetrz's
356 2043 456 2083 sui33
480 2040 599 2075 hoedos
617 2042 750 2078 autem,
767 2048 833 2073 seu
851 2047 927 2072 ma-

146 2090 216 2133 los,
238 2100 259 2123 a
276 2089 452 2123 sinistris.
471 2089 512 2122 In
532 2086 609 2131 ipsa
632 2085 816 2131 positione
837 2084 924 2119 dex-

147 2140 239 2171 terae
260 2139 297 2171 et
316 2134 491 2177 sinistrae,
510 2135 589 2178 Jam
605 2143 647 2168 ex
662 2136 749 2166 tunc
767 2135 924 2176 utraque

147 2193 235 2229 pars
262 2191 489 2227 cognoscere
516 2179 665 2225 poterit,
691 2177 748 2214 cui
776 2177 925 2213 miseri-

149 2229 292 2273 cordia,
315 2233 351 2264 et
372 2228 429 2264 cui
452 2225 602 2262 miseria
626 2225 835 2261 immineat.
857 2225 927 2259 Un-

149 2277 195 2312 de
220 2276 318 2311 idem
346 2275 398 2310 ait
421 2276 693 2319 Chrysostomus
722 2285 731 2307 :
758 2285 775 2305 «
800 2273 926 2308 Justos

146 2322 300 2368 quidem
320 2323 365 2357 ad
388 2322 579 2357 dexteram
603 2319 816 2361 constituet,
837 2329 924 2364 pec-

150 2373 300 2405 catores
321 2369 367 2403 ad
388 2368 594 2411 sinistram,
614 2371 654 2402 ut
672 2365 927 2410 unusquisque

148 2415 371 2452 meritorum
409 2425 563 2450 suorum
595 2413 864 2455 conditionem,
884 2422 927 2447 ex

151 2463 268 2509 ipsius
288 2461 358 2497 loci
373 2461 552 2506 qualitate
565 2463 779 2505 cognoscat.
798 2458 927 2494 Merito

149 2511 270 2556 justos
296 2509 342 2544 ad
374 2509 563 2543 dexteram
593 2507 802 2549 collocabit,
835 2516 927 2551 quo-

151 2556 253 2592 niam
287 2565 491 2600 numquam
524 2553 713 2588 sinistram
742 2563 927 2597 cognove-

154 2606 244 2640 runt
255 2614 263 2647 ;
276 2602 410 2638 merito
423 2601 557 2647 impios
567 2600 614 2636 ad
629 2600 833 2643 sinistram,
844 2599 931 2644 quia

153 2657 359 2696 numquam
380 2658 608 2694 cognoscere
633 2647 831 2682 voluerunt
848 2647 931 2682 dex-

153 2701 273 2734 teram
293 2698 464 2742 partem:
485 2696 576 2731 Vias
593 2695 687 2729 em'm
707 2704 785 2738 quae
805 2705 827 2728 ιι
843 2694 932 2728 ἀθω-

152 2747 221 2780 tris
271 2745 368 2785 sunt,
405 2743 506 2778 novit
539 2742 735 2784 Dominus,
761 2750 934 2785 perversae

993 208 1112 240 autem
1132 207 1229 246 sunt,
1253 215 1332 249 quae
1353 205 1402 240 ad
1418 206 1608 240 sinistram
1626 210 1722 248 sunt.
1744 220 1759 238 ι)

992 253 1037 287 Et
1051 251 1201 287 iterum:
1217 264 1233 285 «
1247 253 1277 287 A
1295 251 1455 288 sinistris
1473 255 1572 298 sunt,
1587 253 1650 298 qui
1664 264 1764 300 quae-

992 302 1080 335 runt
1098 298 1342 344 temporalia;
1366 310 1388 335 a
1415 299 1555 335 dextris
1575 310 1678 344 vero,
1700 299 1763 345 qui

993 349 1165 391 quaerunt
1180 349 1334 381 aeterna.
1349 359 1367 377 »
1391 346 1495 381 Unde
1510 349 1547 382 et
1565 348 1764 390 Remiyz'us:

993 407 1012 425 α
1034 395 1075 428 In
1092 391 1229 428 dextris
1247 396 1398 428 aeternae
1416 393 1662 429 beatitudinis
1680 404 1765 429 con-

991 439 1255 492 firmabuntur,
1280 439 1341 484 qui
1366 443 1588 476 amaverunt
1605 444 1764 484 aeterna;

991 497 1030 521 1n
1053 485 1214 522 sinistris
1241 489 1393 521 aeternae
1416 487 1591 530 miseriae,
1614 487 1678 533 qui
1701 498 1765 523 cu-

990 534 1139 579 pierunt
1159 532 1372 584 praesentia.
1385 534 1477 568 Nam
1495 537 1533 569 et
1549 534 1630 580 ipsa
1649 538 1768 570 trans-

990 579 1103 615 itoria
1129 581 1194 614 Dei
1232 579 1330 614 dona
1350 607 1359 623 ,
1401 583 1572 622 respectu
1602 584 1766 617 aeterno-

990 637 1088 671 rum,
1112 626 1285 661 dicuntur
1303 636 1384 662 esse
1401 626 1581 671 sinistra3
1608 630 1764 672 aeterna,

989 684 1078 709 vero
1114 672 1153 708 in
1185 672 1350 717 dextera,
1385 673 1447 719 qui
1482 676 1569 709 sunt
1603 674 1765 721 potiora,

990 720 1077 756 hinc
1097 723 1152 755 est
1170 719 1282 754 illud:
1312 721 1377 756 Cor
1404 722 1581 765 sapientis
1613 723 1651 756 in
1677 722 1766 757 dem-

990 771 1067 803 tera
1095 767 1186 812 ejus,
1212 770 1244 801 et
1268 778 1327 802 cor
1349 768 1455 802 stulti
1478 770 1516 803 in
1538 770 1691 804 sinistra
1717 770 1769 804 il-

991 816 1062 850 lius
1083 826 1093 849 :
1115 828 1131 846 »
1152 814 1230 849 haec
1253 816 1452 858 Remmius.

1039 865 1059 896 5
1081 862 1170 904 Quin
1196 872 1296 896 DICET
1331 863 1408 897 REX
1436 873 1540 897 Bonus
1558 862 1575 897 ⁴?
1597 882 1641 888 —
1671 864 1768 899 Tunc

991 909 1085 944 dicet
1106 910 1183 944 Reoe
1201 910 1258 943 his
1273 911 1337 952 qua·
1349 920 1371 943 α
1390 909 1534 944 deaetris
1553 909 1631 953 ejus
1647 913 1766 953 erunt,

990 955 1029 991 id
1050 959 1106 990 cst
1121 955 1227 990 bonis
1250 966 1257 989 :
1282 954 1341 990 bic
1360 966 1433 991 nou
1452 956 1554 999 dicit,
1571 955 1684 992 Filius
1705 957 1769 992 ho-

991 1002 1118 1054 minis,
1138 1003 1233 1038 sicut
1246 1012 1374 1048 supra,
1392 1003 1471 1046 sed,
1490 1005 1580 1046 Rem,
1601 1004 1647 1038 ad
1665 1004 1770 1050 cujus

991 1060 1136 1095 apicem
1169 1048 1331 1093 pertinet
1363 1050 1531 1085 subditos
1550 1061 1695 1096 regere,
1716 1050 1769 1086 le-

992 1107 1057 1142 ges
1076 1096 1250 1139 condere,
1273 1099 1573 1141 transgressores
1594 1098 1686 1143 legis
1705 1108 1771 1143 pu-

992 1143 1089 1186 nire,
1106 1146 1142 1178 et
1153 1144 1416 1179 observatores
1435 1144 1635 1188 praemiare
1647 1155 1655 1187 ;
1669 1145 1770 1190 quod

994 1194 1083 1226 tunc
1110 1189 1307 1235 apparebit
1338 1189 1548 1226 manifeste.
1572 1192 1673 1226 Tunc
1694 1202 1770 1227 non

995 1240 1139 1283 quaeret
1162 1237 1302 1272 Pilatus
1322 1239 1444 1281 :Erqo
1457 1248 1522 1272 reoe
1538 1248 1572 1273 es
1586 1240 1651 1273 tu?
1669 1239 1771 1274 Tunc

995 1295 1072 1320 non
1088 1283 1214 1319 dicent
1225 1283 1343 1319 Judaei
1358 1295 1365 1319 ε
1379 1287 1458 1322 Νοη
1472 1286 1642 1320 habemus
1652 1296 1771 1329 reqem

995 1333 1070 1367 πέει·
1097 1332 1283 1367 Gaesarem.
1314 1330 1431 1373 Dicet,
1453 1331 1619 1377 inquam,
1654 1333 1731 1368 Rex
1759 1343 1768 1368 ε

999 1380 1138 1419 Venite,
1167 1379 1344 1413 benedicte·
1367 1380 1489 1414 Patris
1520 1381 1602 1419 mei,
1621 1378 1656 1414 id
1671 1381 1727 1415 est
1749 1390 1771 1415 a

997 1427 1106 1461 Patre
1120 1435 1214 1468 meo,
1229 1425 1290 1471 qui
1306 1436 1326 1461 a
1340 1426 1449 1461 Patre
1469 1424 1771 1462 benedictionem

996 1472 1127 1518 gratia}
1155 1472 1370 1517 accepistis3
1396 1472 1482 1518 quia
1502 1483 1579 1508 non
1607 1472 1679 1508 nisi
1706 1474 1772 1510 be-

996 1518 1134 1555 nedicti
1166 1519 1286 1564 primo
1320 1530 1387 1565 per
1415 1519 1574 1564 gratiam
1603 1523 1639 1554 ct
1659 1520 1770 1555 meri-

996 1570 1090 1609 tum,
1113 1569 1296 1601 vocantur
1312 1567 1359 1601 ad
1371 1566 1645 1602 beatitudiuem
1666 1570 1772 1602 aeter-

996 1624 1083 1649 nam
1104 1616 1140 1648 et
1162 1613 1378 1658 praemium:
1397 1624 1473 1648 non
1485 1612 1549 1648 dat
1561 1612 1661 1648 enim
1678 1615 1773 1649 Deus

997 1670 1130 1706 pacem
1153 1659 1389 1703 aeternitatis,
1407 1659 1479 1695 nisi
1508 1670 1621 1705 supra
1642 1670 1773 1706 pacem

997 1706 1160 1753 pectoris
1183 1717 1192 1750 ς
1232 1707 1303 1750 vel,
1338 1707 1544 1742 secundum
1567 1707 1771 1750 Rabanum,

999 1754 1173 1789 dicuntur
1192 1753 1394 1798 benedicti,
1422 1753 1557 1799 quibus
1577 1764 1644 1799 pro
1664 1754 1772 1791 bonis

1000 1800 1143 1836 meritis
1173 1800 1332 1836 debetur
1358 1804 1498 1836 aeterna
1522 1801 1736 1837 benedictio
1762 1813 1771 1837 :

999 1848 1194 1888 Fossiciae,
1214 1851 1249 1882 ct
1266 1848 1494 1883 aeternaliter
1511 1851 1649 1892 tenete,
1665 1859 1774 1893 para-

999 1899 1074 1930 tum
1082 1895 1182 1929 vobis
1191 1906 1339 1939 regnum
1352 1896 1546 1939 coelorum,
1556 1895 1679 1931 locum
1689 1897 1775 1931 San-

999 1946 1157 1985 ctorum,
1175 1953 1196 1976 a
1211 1943 1464 1977 constitutione
1478 1942 1618 1977 mundi.
1637 1943 1705 1978 Ubi
1723 1943 1774 1978 di-

999 1989 1049 2023 cit
1070 1990 1340 2032 Chrysostomus
1361 2001 1371 2023 :
1397 2002 1413 2021 «
1435 1990 1646 2034 Antequam
1673 1988 1773 2026 enim

998 2046 1064 2070 vos
1087 2034 1348 2079 nasceremini,
1369 2035 1433 2078 ait,
1456 2036 1535 2071 haec
1560 2035 1662 2071 vobis
1681 2046 1774 2082 prae-

999 2084 1131 2128 parata
1166 2086 1253 2117 sunt
1277 2086 1313 2117 et
1348 2085 1567 2127 praeaptata,
1590 2082 1678 2128 quia
1697 2082 1773 2118 vidi

998 2139 1064 2164 vos
1082 2130 1174 2164 tales
1197 2128 1353 2164 futuros.
1376 2142 1393 2162 »
1414 2130 1480 2165 Ubi
1503 2128 1615 2164 etiam
1635 2128 1687 2165 ait
1705 2132 1772 2166 Re-

998 2178 1132 2219 iniqius
1162 2188 1173 2210 .-
1205 2190 1223 2208 «
1246 2177 1322 2211 Rex
1348 2186 1478 2222 regum
1505 2175 1587 2212 sine
1614 2175 1773 2222 strepitu

997 2224 1198 2259 verborum
1218 2222 1403 2267 loquetur,
1424 2222 1461 2258 id
1485 2227 1541 2258 est
1561 2223 1774 2259 manifesta-

998 2269 1053 2305 bit
1073 2268 1320 2305 conscientias
1354 2272 1391 2305 et
1415 2269 1548 2305 merita
1565 2297 1574 2312 ,
1599 2269 1773 2315 dicetque

998 2326 1066 2362 per
1095 2315 1332 2351 collationem
1359 2316 1489 2360 gloriae
1511 2327 1519 2351 ε
1539 2316 1684 2359 Venite,
1708 2318 1772 2352 be-

1000 2362 1135 2398 neficio
1166 2361 1287 2398 Patris
1322 2362 1395 2398 mei
1430 2362 1590 2408 promoti
1613 2363 1660 2399 ad
1681 2362 1773 2399 obti-

1000 2410 1166 2445 nendum
1206 2420 1362 2454 regnum
1404 2410 1510 2454 vitae,
1536 2409 1775 2454 praedestina·

1001 2461 1078 2493 tum
1099 2455 1206 2491 vobis
1231 2467 1253 2491 a
1278 2455 1544 2492 constitutione
1571 2457 1700 2493 mundi
1721 2468 1729 2492 :
1752 2469 1770 2490 »

1000 2505 1081 2539 haec
1102 2505 1300 2547 Remmius.
1322 2505 1417 2538 Ante
1439 2504 1569 2539 mundi
1590 2503 1771 2539 constitu-

1001 2551 1142 2586 tionem
1163 2553 1333 2596 paratum
1348 2550 1429 2593 suit,
1450 2561 1517 2596 per
1531 2551 1773 2597 praedestina-

1001 2598 1161 2650 tionen13
1191 2608 1214 2633 a
1238 2597 1503 2633 constitutione
1533 2598 1676 2642 mundi,
1703 2607 1771 2644 per

1005 2649 1258 2688 creationem3
1280 2644 1327 2680 ab
1359 2644 1591 2688 ascensione,
1619 2655 1685 2691 per
1705 2654 1770 2690 ap-

1002 2690 1239 2738 paritionem.
1262 2691 1422 2727 Attende
1442 2691 1502 2727 hic
1518 2691 1771 2727 dulcissimam

1002 2737 1258 2775 invitationem
1281 2738 1443 2783 Domini,
1464 2749 1547 2775 cum
1567 2737 1681 2775 dicit:
1703 2740 1771 2776 Ve-
