1907 3139
242 196 294 231 m]
330 193 574 230 OBLATIONE
613 192 773 234 vinula,

131 277 210 302 mus
221 266 441 301 obedientiae.
453 262 687 308 Ingrediente
700 264 823 297 autem
838 263 905 297 Du-

129 313 231 349 mino
252 314 338 349 Jesu
362 311 399 347 in
423 310 584 357 primum
606 310 741 352 lot-um,
765 309 906 345 scilicet

127 360 349 403 Jerusalem,
378 361 566 394 commuta.
585 360 641 392 est
663 358 838 392 universa
858 356 905 391 ci-

128 409 235 451 vitas,
256 406 343 451 quia
364 405 526 441 intrante
546 404 700 439 Domino
723 403 902 446 animum,

127 465 195 501 per
225 454 385 499 gratiam
423 451 733 498 praevenientem,
771 462 903 486 omnes

128 502 223 536 vires
249 500 385 536 animae
407 500 545 535 debent
573 498 817 540 commoveri,
836 510 903 543 pei·

127 548 296 584 dolorem
314 551 349 583 et
366 546 629 582 contritionem
647 546 800 591 peccati.
813 547 902 582 Cum

126 606 216 631 vero
237 594 391 630 intravit
403 595 599 638 templum,
617 593 726 639 ejecit
741 594 902 628 venden-

126 645 183 678 tes
205 646 241 678 et
268 647 450 685 ementes,
475 652 517 677 ac
548 651 697 676 mensis
724 644 760 676 et
781 641 904 675 ‹euthe-

128 690 216 725 dras
237 691 382 734 evertit,
406 688 493 734 quia
514 692 711 734 postquam
735 687 903 723 Christus

126 736 283 772 intravit
306 738 344 772 in
368 747 432 772 cor
458 734 623 771 hominis
656 746 721 781 per
741 735 901 779 gratiam

126 783 436 830 praevenientem,
476 784 660 819 movendo
699 784 819 827 ipsum
854 783 900 817 ad

128 831 407 875 contritionem,
429 830 544 866 intrat
572 835 702 874 postea
720 829 759 864 in
782 829 902 875 ip-tun

127 889 195 924 per
215 878 376 924 gratiam
409 877 683 922 proficientem,
705 876 901 922 purgando

127 925 233 969 illud,
256 929 292 961 et
315 924 500 970 ejiciendo
532 924 620 959 inde
655 927 805 967 peccata
838 933 904 968 per

128 972 406 1008 consessionem
423 983 430 1015 ;
447 975 482 1007 et
499 975 587 1007 tunc
607 970 777 1007 Christus
795 981 832 1004 sa
841 973 904 1005 nat

126 1019 234 1064 illud,
271 1019 392 1054 dando
431 1018 674 1064 indulgentiae
712 1017 903 1053 remissio-

126 1077 228 1108 nem,
250 1068 350 1102 unde
381 1066 554 1102 subditur
582 1065 631 1102 ibi
660 1066 705 1101 de
727 1065 903 1100 infirmu-
941 1079 943 1100 ;

126 1124 212 1150 rum
248 1113 458 1149 sanatione.
483 1112 624 1149 Dein-le
657 1113 824 1148 Christus
849 1113 904 1147 in-

127 1161 240 1197 travit
258 1161 493 1204 Bethaniam,
520 1171 605 1206 quae
631 1160 905 1205 interpretatur

128 1209 254 1244 domus
271 1209 494 1251 obedientiae,
519 1208 609 1253 quia
629 1213 827 1252 postquam
849 1206 904 1241 in-

130 1255 244 1292 travit
265 1266 329 1291 cor
349 1255 590 1301 pergratiam
612 1253 905 1300 praevenientem

132 1306 169 1339 et
190 1302 462 1348 proficientem,
483 1301 695 1337 inducendo
720 1301 840 1347 ipsum
858 1301 905 1336 ad

133 1349 397 1386 contritionem
431 1355 467 1385 et
494 1348 782 1392 confessionem,
817 1358 905 1383 con-

132 1401 334 1442 sequenter
362 1396 476 1432 intrat
504 1407 571 1442 per
600 1395 760 1441 gratiam
793 1395 906 1441 perti-

133 1444 292 1480 cientem
325 1443 448 1490 ipsum
480 1453 547 1489 per
578 1443 776 1479 bedientiae
800 1442 907 1477 satis-

133 1491 356 1534 factionem3
390 1490 452 1526 ille
487 1490 586 1526 enim
627 1501 712 1525 vere
757 1490 906 1531 obedit,

134 1538 197 1584 qui
234 1539 278 1574 (le
310 1537 488 1573 omnibus
521 1537 683 1583 peccatis
704 1536 780 1572 suis
800 1536 909 1582 plene

947 1589 948 1612 l
987 1583 1033 1618 ad
1078 1580 1322 1627 proximum3
1360 1590 1434 1614 non
1470 1577 1572 1613 enim
1603 1580 1771 1612 meretur

134 1584 328 1621 satisfacit.
351 1585 531 1631 Conspice
555 1584 668 1630 igitur
690 1595 786 1619 nunc
816 1585 908 1619 bene

135 1632 349 1675 Dominum,
366 1632 454 1677 quia
474 1632 582 1667 valde
599 1631 791 1667 humiliter
807 1630 909 1666 vadit
947 1657 948 1662 ,

132 1690 200 1727 per
239 1681 426 1715 civitatem
453 1690 536 1715 cum
574 1679 647 1714 illis
674 1678 817 1724 paucis,
845 1677 908 1723 qui

134 1727 187 1763 sic
204 1727 409 1762 honorifice
419 1729 573 1761 venerat
585 1737 695 1761 mane
712 1736 795 1760 cum
815 1725 908 1760 mul-

133 1774 193 1810 tis,
216 1776 266 1809 Ex
299 1784 372 1818 quo
405 1776 507 1818 potes
540 1773 792 1816 condrterare,
822 1771 909 1817 quia

132 1832 267 1868 parum
288 1824 344 1856 est
365 1820 572 1855 curandum
591 1820 636 1855 de
659 1821 823 1855 humano
846 1819 908 1853 ho-

135 1879 242 1912 nore,
262 1867 325 1913 qui
345 1867 397 1902 sic
428 1867 653 1902 terminatur
670 1866 709 1901 in
737 1867 853 1908 brevi,
875 1868 910 1900 et

137 1915 225 1961 quia
247 1917 282 1950 in
297 1925 409 1950 cursu
428 1915 541 1959 hujus
564 1914 648 1949 vitae
668 1915 766 1948 risus
790 1913 911 1948 dolore

137 2104 347 2140 norabatur
367 2113 389 2138 a
418 2102 554 2147 turbh,
577 2106 613 2138 et
645 2105 761 2137 multo
792 2100 911 2145 magis

139 2152 292 2198 quando
317 2150 537 2185 Bethaniam
560 2148 753 2185 redierunt
786 2147 909 2191 intest,

139 2198 228 2244 quia
248 2197 407 2233 maxime
424 2196 608 2232 timebant
637 2195 786 2241 quando
804 2197 912 2230 Jeru-

140 2245 258 2281 salem
290 2244 381 2287 ibat,
402 2244 500 2289 quod
529 2248 616 2279 tunc
651 2242 817 2289 qualibet
853 2241 913 2277 die

139 2291 312 2328 faciebat.
335 2292 511 2334 Quamvis
544 2290 646 2326 enim
675 2290 768 2325 alias
800 2299 912 2335 saepe,
952 2318 954 2339 =

952 2342 954 2379 j
991 2334 1193 2370 manicare.
1234 2335 1301 2370 Ubi
1342 2334 1501 2377 cyrillus
1532 2345 1542 2366 .-

141 2339 300 2375 maxime
321 2342 447 2373 tamen
467 2348 489 2374 a
505 2336 728 2381 praeeetlenti
749 2335 808 2371 die
829 2337 912 2371 sab-

140 2386 232 2430 batl,
250 2396 368 2431 usque
384 2385 607 2430 atlvigiliam
630 2394 745 2419 coenae
768 2384 914 2418 locutus

141 2437 197 2469 est
218 2432 369 2477 Judaeis‚
391 2436 427 2467 et
444 2435 620 2478 operatus
647 2435 703 2467 est
725 2432 850 2477 palam
876 2429 915 2465 in

141 2480 371 2516 Jerusalem.

194 2540 234 2562 12
271 2528 551 2562 PRAEDICATORUM
588 2537 776 2561 EXEMPLUM
803 2525 912 2561 Cem-

144 2585 222 2610 TUS.
254 2593 297 2599 —
333 2576 424 2609 Erat
459 2577 579 2609 autem
610 2577 697 2609 tunc
732 2571 912 2617 qnotidie,

145 2621 271 2656 diebus
297 2620 424 2655 docens
449 2622 486 2655 in
512 2621 656 2666 tempto,
680 2623 831 2665 proptor
852 2618 914 2653 do-

147 2667 276 2703 ctrinae
307 2666 581 2710 auctoritatem,
615 2667 685 2702 loci
717 2664 914 2701 celebrita-

146 2717 237 2757 tem,
265 2723 308 2749 ac
333 2713 458 2758 populi
479 2713 727 2759 frequentiam
755 2719 791 2748 et
811 2711 916 2747 audi-

146 2765 272 2796 torum
306 2760 471 2806 plurium
500 2761 724 2803 utilitatem;
750 2760 915 2794 noctibus

147 2818 228 2846 vero
247 2809 384 2854 emens,
408 2809 619 2845 morabatur
637 2810 676 2844 in
702 2810 833 2853 monte,
853 2807 918 2852 qui

816 193 863 226 AG
902 191 1118 226 l’lIARlSAEI
1161 191 1209 224 ET
1249 190 1485 224 PUBLlCANI
1524 188 1654 223 ORAT.
1705 184 1761 219 201

980 264 1129 297 vocatur·
1153 260 1300 302 Oliveti,
1324 258 1465 293 scilicet
1491 257 1528 291 in
1558 255 1754 299 Bethania,

981 319 1064 354 quae
1092 311 1172 343 erat
1200 306 1235 341 in
1266 307 1380 340 latere
1408 304 1544 339 montis
1572 305 1754 349 vjtisslem,

982 356 1154 401 vigilans,
1178 359 1214 389 et
1235 362 1418 391 orans,:1c
1437 353 1576 386 <locens
1596 350 1758 395 discipu-

982 404 1049 446 los,
1077 413 1217 448 eosque
1244 401 1476 436 confortans.
1503 400 1539 432 ln
1565 399 1632 432 hoc
1657 396 1760 432 dedit

982 450 1192 494 exenwlum
1223 445 1535 494 praedicatoribus
1568 448 1604 479 rt
1631 445 1758 478 ‹torto-

981 497 1085 534 ribus
1106 494 1311 542 Evangelii.
1330 499 1370 530 ut
1385 493 1516 528 diebus
1533 492 1706 532 floreant,
1724 494 1760 525 et

982 545 1154 581 not-tibus
1176 545 1250 579 sint
1273 542 1307 577 in
1330 540 1503 577 oratione
1529 538 1606 581 Dei,
1626 541 1665 573 ut
1689 538 1757 572 ihi-

982 592 1067 628 dem
1104 590 1283 626 hauriant
1312 588 1412 635 quod
1446 585 1760 636 auditoribusftn-

981 640 1139 675 fundunt
1162 639 1197 673 in
1211 648 1321 673 mane
1338 633 1524 680 sequenti.
1544 633 1627 669 Sive
1645 634 1761 667 etiam

981 686 1018 721 in
1039 685 1288 733 prosperitate
1311 683 1442 725 simus,
1468 692 1551 726 quse
1572 690 1640 726 per
1661 679 1761 714 diem

982 733 1238 779 signiliratur3
1263 731 1394 767 sivein
1412 728 1654 769 adversitate,
1677 736 1760 771 quae

980 792 1047 827 per
1077 784 1224 815 noctem
1258 778 1495 823 intelligitur,
1519 784 1668 820 semper
1693 773 1764 825 do-

981 838 1131 863 ceamus
1159 833 1195 862 et
1220 836 1386 869 oremus,
1412 835 1455 860 ac
1480 824 1622 859 bonum
1648 821 1761 856 sat-la·

980 886 1061 910 mus
1082 874 1119 909 in
1141 877 1322 919 quantum
1345 872 1523 907 valemus.
1546 870 1650 905 Unde
1669 867 1764 909 legi-

979 926 1042 957 tur
1062 921 1098 957 in
1122 921 1217 957 libro
1231 919 1486 956 Ecclesiastes:
1500 919 1606 953 Mane
1625 916 1764 951 semina

979 980 1097 1005 semen
1151 973 1278 1008 tuum,
1312 972 1345 1002 et
1379 976 1524 1010 vespere
1574 974 1617 998 ne
1656 965 1765 998 cesset

980 1026 1110 1052 manus
1143 1021 1219 1055 tua,
1253 1017 1342 1060 quia
1378 1015 1493 1049 nescis
1527 1011 1617 1057 quid
1645 1010 1764 1053 mayis

981 1066 1135 1105 oriatur,
1159 1064 1222 1098 hoc
1243 1074 1289 1097 (ιη
1311 1062 1425 1097 illuct:
1456 1064 1488 1095 et
1511 1062 1543 1094 si
1570 1062 1763 1101 utrumque

983 1112 1125 1146 simul.-
1158 1110 1290 1145 metius
1313 1111 1395 1143 erit.
1429 1109 1500 1143 Per
1533 1116 1641 1140 mane
1669 1103 1770 1140 enim

982 1157 1140 1203 intelligi
1168 1161 1289 1202 potest
1318 1160 1466 1200 tempus
1492 1152 1597 1200 pacis
1619 1155 1655 1187 et
1679 1161 1763 1197 pro-

982 1204 1184 1251 speritatis,
1224 1207 1260 1239 et
1299 1214 1365 1248 per
1409 1212 1575 1247 vespere,
1616 1204 1764 1241 tempus

983 1251 1204 1287 tentationis
1230 1255 1265 1286 et
1285 1248 1546 1291 adversitatis,
1572 1248 1608 1282 in
1630 1247 1765 1291 quibus

944 1302 946 1312 ¹
984 1310 1134 1345 semper
1153 1300 1292 1334 bonum
1317 1296 1481 1341 operari,
1506 1306 1575 1330 nec
1596 1297 1766 1338 tempore

945 1349 946 1353 ’
984 1348 1055 1382 hoc
1076 1346 1131 1382 vel
1151 1345 1214 1381 illo
1234 1356 1254 1380 a
1275 1346 1373 1381 bono
1396 1353 1509 1389 opere
1531 1351 1678 1377 cessure
1697 1340 1766 1374 de-

985 1395 1130 1436 henim,
1166 1393 1251 1438 quiz}
1282 1391 1371 1440 quid
1408 1392 1543 1425 horum
1582 1389 1765 1433 maiorem

945 1443 947 1452 ¹
985 1441 1147 1476 fructum
1169 1439 1278 1474 nohis
1298 1439 1446 1481 alferat,
1472 1438 1701 1481 ignoramus.
1727 1435 1770 1468 Et

985 1489 1067 1523 haec
1101 1489 1223 1522 facere
1258 1486 1438 1521 debemus
1475 1485 1513 1519 in
1543 1486 1670 1518 monte
1698 1480 1770 1517 Oli-

986 1536 1074 1579 veti,
1097 1534 1135 1569 id
1157 1537 1213 1569 est
1246 1533 1284 1568 in
1310 1531 1474 1568 culmine
1498 1528 1769 1566 misericordiae

986 1629 1191 1674 impetrare
1220 1626 1520 1662 misericordiam
1544 1636 1566 1660 a
1592 1625 1683 1667 Deo,
1706 1621 1770 1668 qui

988 1687 1064 1712 non
1093 1675 1181 1710 facit
1210 1672 1512 1710 misericordiam
1535 1682 1618 1708 cum
1642 1670 1768 1717 proxi-

987 1734 1061 1759 mo.
1100 1724 1144 1758 Et
1181 1728 1237 1757 est
1275 1721 1458 1764 notabile,
1496 1719 1610 1765 quod,
1641 1716 1770 1753 immi·

987 1774 1101 1806 nente
1119 1772 1254 1811 morte,
1272 1770 1392 1814 magis
1413 1767 1578 1803 instabat
1597 1765 1769 1802 Christus

986 1816 1264 1864 praedicationi;
1286 1815 1384 1861 quod
1401 1818 1457 1850 est
1471 1817 1602 1849 contra
1617 1812 1768 1857 multos,

987 1865 1050 1910 qui
1072 1865 1109 1899 in
1131 1867 1322 1898 senectute
1343 1862 1434 1897 dant
1463 1871 1502 1896 se
1526 1860 1602 1896 otio
1620 1865 1657 1895 et
1683 1858 1767 1904 qui·

949 1907 951 1942 ἶ
988 1911 1052 1955 eti,
1083 1921 1168 1946 cum
1207 1910 1330 1945 adhuc
1368 1911 1525 1954 possent
1563 1907 1768 1942 multorum

136 1963 358 2002 miscebitur,
379 1965 412 1996 et
444 1965 606 1996 eaetremct
626 1961 756 2004 quadi&
793 1961 911 1994 tuctus
950 1985 951 1994 ,

139 2014 302 2054 occupat.
345 2011 451 2044 Potes
488 2008 603 2044 etiam
640 2007 909 2050 considerare,
950 2005 951 2045 l

139 2057 327 2103 quomodo
345 2055 401 2091 sui
420 2055 649 2101 gaudebant,
673 2054 822 2099 quando
843 2054 910 2088 ho-
951 2087 952 2091 ,

988 1958 1167 2004 prodesse
1186 1956 1310 1992 saluti.
1334 1958 1380 1991 Et
1399 1957 1515 1991 omnis
1537 1955 1693 2000 populus
1713 1957 1770 1988 at-

988 2009 1129 2041 tractus
1151 2004 1332 2047 efficacia,
1355 2007 1467 2045 atque
1488 2001 1686 2037 dulcedine
1707 2000 1769 2035 do-

989 2054 1119 2087 ctrinae
1141 2062 1233 2094 suae,
1258 2051 1479 2091 manicabat,
1504 2049 1542 2084 id
1571 2052 1627 2084 est
1658 2057 1769 2083 mane

988 2100 1204 2137 festinabat,
1225 2099 1273 2132 ad
1295 2109 1387 2137 eum,
1412 2099 1449 2132 ιή
1470 2097 1615 2141 templo,
1639 2096 1769 2130 audire

951 2151 953 2174 ἐ
989 2158 1080 2190 eum,
1105 2145 1245 2181 scilicet
1272 2149 1310 2180 ut
1337 2144 1486 2180 audiret
1509 2144 1555 2179 ab
1578 2154 1621 2178 eo
1654 2143 1768 2177 verba

988 2193 1089 2236 vitae,
1109 2194 1180 2228 hoc
1204 2196 1256 2227 est
1275 2202 1385 2227 mane
1414 2201 1497 2227 cum
1528 2189 1768 2225 festinatione

952 2250 953 2272 1
989 2241 1224 2277 accelerabat
1251 2239 1378 2275 venire
1400 2238 1448 2274 ad
1473 2240 1595 2273 locum
1628 2236 1773 2283 praedi-·

990 2287 1148 2323 cationis
1179 2297 1256 2322 suae
1276 2299 1285 2327 ;
1307 2297 1328 2322 a
1355 2296 1465 2321 mane
1496 2284 1595 2321 enim
1632 2283 1770 2319 dicitur

1575 2346 1592 2364 t<
1624 2330 1766 2376 Populo

990 2387 1116 2418 autem
1129 2381 1408 2417 antelucanum
1421 2379 1581 2415 venienti
1603 2378 1650 2414 ad
1664 2388 1765 2420 enm,

990 2439 1197 2474 congruum
1231 2432 1312 2464 erat
1352 2427 1507 2462 dicere:
1545 2428 1652 2468 Deus,
1674 2427 1768 2460 Deus

989 2487 1100 2513 meus,
1123 2476 1171 2510 ad
1195 2479 1227 2510 te
1247 2476 1290 2510 de
1309 2477 1385 2510 luce
1407 2475 1533 2517 utqc'to.
1554 2486 1572 2504 »
1597 2475 1656 2516 Et,
1680 2471 1769 2517 quia

991 2522 1168 2558 Dominus
1196 2522 1247 2558 sic
1268 2522 1400 2557 diebus
1421 2525 1457 2556 et
1482 2521 1656 2556 noctibus
1677 2524 1768 2553 tunc

988 2570 1179 2615 praecipue
1203 2568 1402 2610 laboravit,
1420 2567 1504 2603 ideo
1529 2570 1608 2602 tota
1627 2566 1692 2601 illa
1713 2576 1768 2600 se-

989 2616 1157 2662 ptimana
1191 2626 1346 2660 poenosa
1380 2614 1529 2658 dicitur,
1567 2624 1654 2659 quia
1705 2622 1771 2658 per

991 2668 1106 2699 totam
1124 2664 1227 2699 illam
1255 2662 1437 2698 laboravit
1459 2661 1677 2703 recreando,
1700 2659 1768 2694 sic-

991 2714 1029 2746 ut
1050 2721 1116 2756 per
1135 2710 1295 2756 primam
1329 2710 1456 2744 mundi
1489 2706 1766 2743 hebdomadam

990 2762 1166 2803 operatus
1199 2763 1254 2793 est
1283 2756 1458 2792 creando.
1484 2757 1540 2795 Et,
1573 2753 1662 2799 quia
1695 2763 1768 2788 una

990 2804 1201 2850 septimana
1224 2807 1357 2840 cuncta
1387 2801 1541 2845 creavit,
1562 2801 1678 2836 multo
1712 2799 1768 2836 la-
