1907 3139
360 186 411 220 DE
451 184 770 219 lNSTlTUTlONE
808 184 1087 221 SACRAMENTI
1127 184 1445 220 EUCssAiiisTIAE.
1662 187 1715 219 35¹

92 261 191 296 esset
210 258 347 304 major,
370 256 408 292 id
427 257 487 291 est
513 254 638 302 aptior
663 260 700 292 et
727 267 872 293 conve—

91 305 258 343 nientior
277 304 325 341 ad
351 303 644 350 praecedendum
672 303 765 339 alios
788 304 869 341 loco

91 354 240 397 Christi,
263 356 299 388 et.
318 351 366 387 ad
388 352 596 386 tenendum
628 351 710 397 ejus
732 351 869 387 locum.

91 403 135 438 Et
157 401 241 437 ideo
265 398 435 436 Christus
462 398 508 433 de
544 398 616 433 hoc
638 409 700 433 eos
729 398 869 445 docuit,

89 447 266 485 videlicet
282 446 383 492 quod
398 445 461 482 ille
474 449 574 481 esset
585 445 632 481 ad
650 446 720 481 hoc
732 446 870 492 aptior,

90 497 153 543 qui
187 498 282 531 esset
317 504 403 529 vere
440 491 634 537 humilior,
658 494 870 529 revocando

89 554 155 580 eos
175 543 221 579 ab
250 541 389 577 affectu
407 541 580 586 superbae
599 540 871 576 dominationis

93 594 130 627 et
159 589 359 636 primatus,
392 587 563 634 exemplo
602 598 734 634 regum
773 588 870 623 Gen-

89 639 197 682 tium,
218 640 254 673 et
272 647 340 683 per
361 636 610 675 contrarium,
630 635 871 671 dominorum

88 688 344 722 terrenorum.
372 685 474 719 Diaez't
498 687 618 717 autem
648 684 699 717 eis
722 694 730 718 ε
759 685 872 726 Renes

91 733 261 769 Gentium
297 732 510 766 dominatur
541 741 677 774 eorum,
710 730 871 776 gentiles

90 779 191 817 enim
216 782 253 815 et
271 777 413 814 terreni
431 777 573 813 domiui
589 781 774 823 appetunt
794 778 870 824 pri-

89 830 259 870 matum;
283 829 315 861 et
334 827 400 871 qui
419 828 637 871 potestatem
661 826 794 860 habent
814 836 872 861 su-

87 885 155 920 per
169 884 240 918 eos,
264 874 410 918 benefici
426 876 602 907 vocantur
623 885 633 907 :
653 871 742 917 quia
763 873 869 909 blan-

89 921 334 958 disermones
350 930 372 956 a
390 918 550 956 subditis
568 918 623 955 eis
643 919 867 957 offeruntur.

89 969 209 1013 Unde,
230 969 299 1004 hos
320 966 498 1003 Dominus
513 966 647 1002 nolens
666 967 870 1013 discipulos

89 1027 176 1053 suos
197 1014 354 1060 imitari,
377 1013 572 1060 subjungit
613 1025 622 1049 t
650 1016 722 1050 Vos
748 1021 870 1050 autem

89 1074 160 1100 non
180 1065 234 1099 sic
253 1063 377 1098 facere
399 1060 567 1105 debetis;
587 1061 650 1096 sed
665 1063 730 1106 qui
750 1063 871 1108 mayor

88 1114 142 1147 est
162 1112 201 1146 in
221 1111 338 1154 vobis,
362 1108 505 1145 scilicet
525 1119 592 1154 per
612 1109 792 1145 virtutum
812 1121 869 1145 ex-

44 1161 47 1163 ’
88 1156 319 1202 cellentiam,
333 1159 399 1203 fiat
412 1158 506 1192 sicut
518 1157 650 1200 minor,
662 1166 729 1202 per
743 1157 868 1193 humi-

88 1205 255 1249 litatem;
280 1209 313 1240 et
335 1206 400 1250 qui
417 1213 615 1250 praecessor
637 1207 705 1248 est,
727 1203 872 1240 scilicet

89 1252 289 1299 dignitate,
324 1252 381 1287 vel
415 1251 530 1287 etiam
554 1250 766 1295 sanctitate,
808 1254 872 1290 [tat

88 1302 185 1337 sicut
205 1301 452 1342 ministrator,
473 1297 607 1334 humili
628 1297 685 1334 sui
711 1302 871 1345 reputa-

86 1347 207 1392 tione,
231 1347 290 1383 vel
317 1345 451 1382 humili
479 1345 593 1381 officii
616 1346 871 1393 exsecutione,

88 1398 127 1431 et
153 1393 388 1431 exhibitione
408 1404 474 1439 pro
505 1394 586 1429 loco
619 1398 656 1429 et
685 1396 869 1440 tempore.

92 1442 166 1480 Sed
190 1442 283 1478 heu!
307 1441 419 1477 hodie
448 1440 559 1476 multi
586 1441 772 1477 habentes
802 1452 870 1478 no-

89 1500 177 1526 men
197 1488 515 1530 Christianorum,
539 1488 706 1523 Gentiles
723 1488 872 1525 imitan-

89 1541 165 1582 tur,
188 1540 410 1583 appetentes
426 1535 631 1582 primatum
660 1536 814 1581 habere,
836 1540 872 1572 et

88 1585 270 1631 subJectis
289 1582 502 1626 dominari;
526 1593 642 1627 seque
661 1583 707 1619 ab
731 1582 785 1618 eis
806 1594 869 1619 su-

86 1631 286 1679 pervacuis
325 1630 501 1667 laudibus
528 1629 668 1674 extolli,
692 1633 727 1665 et
746 1631 870 1667 bene-

87 1679 150 1716 fici
175 1678 316 1715 vocari.
349 1677 571 1724 specialiter
591 1680 718 1713 autem
740 1679 777 1713 in
798 1680 869 1714 Ec-

88 1726 204 1763 clesia
236 1726 278 1761 fit
309 1726 531 1771 frequenter
569 1725 762 1760 contentio
802 1736 870 1772 pro

87 1773 338 1820 dignitatibus
353 1771 584 1815 obtinendis,
600 1775 635 1807 et
654 1783 731 1808 non
746 1774 869 1808 solum

87 1820 188 1857 inter
209 1820 413 1864 seculares,
443 1819 509 1855 sed
534 1819 647 1862 etiam
667 1819 767 1855 inter
784 1820 870 1855 reli-

87 1868 228 1916 giosos,
274 1867 372 1903 sicut
401 1877 513 1903 canes
550 1866 783 1902 contendunt
821 1867 869 1903 ad

87 1915 338 1952 obtinendum
359 1925 401 1950 os
436 1913 614 1950 carnibus
642 1914 797 1960 plenum
834 1918 871 1951 et

88 1963 266 1999 medullis
289 1974 297 1998 z
325 1965 477 2008 propter
497 1962 597 2007 quod
631 1961 784 1997 viliores
806 1973 868 1998 ca-

88 2011 200 2047 nibus
221 2009 399 2046 videntur
420 2008 575 2055 quidam
594 2008 777 2055 religiosi,
804 2009 870 2055 qui

88 2059 321 2094 contendunt
353 2067 420 2103 pro
455 2055 590 2092 officiis
624 2057 870 2102 praesidendi,

89 2116 176 2141 cum
199 2109 327 2140 tamen
348 2103 441 2140 nihil
478 2104 643 2139 habeant
663 2114 869 2149 annexum,

88 2153 158 2188 nisi
194 2151 387 2188 miseriam
415 2155 451 2186 et
477 2151 662 2186 laborem.
688 2152 745 2195 Et,
783 2151 872 2197 quia

90 2201 237 2236 monuit
270 2198 476 2245 discipulos
503 2198 550 2234 ad
586 2198 839 2234 humilitatem
860 2227 870 2244 ‚

89 2246 308 2294 superbiam
337 2246 564 2282 secularium
599 2245 869 2288 dissuadendo,

88 2297 366 2340 consequenter
399 2292 487 2329 facit
508 2294 592 2337 hoc,
627 2304 691 2328 eos
729 2295 775 2329 ad
812 2293 869 2330 sui

92 2342 304 2388 exemplum
318 2339 531 2376 invitando.
546 2342 653 2384 Nam,
664 2341 869 2377 secundum

85 2388 272 2435 judicium
299 2389 523 2430 humanum,
546 2388 668 2433 major
708 2391 764 2423 est
805 2388 868 2434 qui

90 2435 278 2472 recumbit
302 2446 414 2482 quam
454 2434 516 2480 qui
553 2435 756 2472 ministrat⁴
784 2435 873 2471 licet

91 2483 300 2519 secundum
323 2482 509 2529 Judicium
529 2482 595 2518 Dei
615 2493 714 2528 saepe
738 2482 786 2518 sit
806 2483 871 2518 ali-

92 2534 169 2575 ter,
203 2529 283 2575 ipse
317 2534 443 2566 autem
482 2529 545 2575 qui
580 2529 790 2565 contrarius
815 2533 873 2566 est

94 2579 249 2622 mundo,
281 2576 320 2612 in
354 2577 478 2613 medio
506 2587 637 2612 eorum
670 2580 741 2620 est,
778 2576 873 2613 sicut

92 2624 157 2671 qui
178 2624 382 2668 ministrat,
403 2625 574 2670 quamvis
593 2624 715 2669 major
735 2625 783 2659 sit
803 2624 871 2669 eis,

93 2675 135 2708 ut
154 2671 269 2708 etiam
288 2672 366 2718 jam
387 2670 424 2707 in
445 2672 586 2707 lotione
604 2672 742 2717 pedum
770 2670 872 2717 ipso-

94 2730 180 2755 rum
208 2718 439 2762 ostenderat,
461 2721 497 2754 et
530 2718 615 2755 ideo
638 2723 692 2755 est
718 2718 872 2754 imitan-

94 2766 178 2803 dus.
206 2767 250 2801 Et
270 2777 314 2802 ex
338 2766 410 2801 hoc
440 2766 604 2802 intendit
630 2765 872 2808 concludere,

96 2813 197 2861 quod
221 2813 284 2850 ille
310 2816 368 2851 est
388 2815 497 2859 aptus
522 2813 570 2850 ad
590 2813 872 2850 succedendum

947 256 1019 294 sibi
1048 255 1088 292 in
1125 255 1310 301 regimine
1340 256 1528 301 Ecclesiae,
1561 257 1625 303 qui
1661 262 1718 293 est

945 305 1124 340 fundatus
1144 303 1183 339 in
1201 313 1291 338 vera
1310 302 1538 342 humilitate.
1560 306 1605 340 Ut
1619 303 1721 340 enim

945 351 1157 388 humilitate
1189 351 1406 396 superbiam
1444 355 1606 395 curaret,
1641 351 1722 397 ipse

948 401 1046 435 Deus
1070 400 1116 434 ad
1146 408 1213 433 nos
1237 398 1468 434 descendere
1495 403 1532 434 et
1569 399 1720 435 humilis

946 447 1028 483 fieri
1051 444 1184 489 voluit,
1202 446 1407 481 ostendens
1430 448 1601 492 exemplo
1622 446 1723 492 quod

948 493 1080 529 merito
1108 504 1192 529 eum
1221 492 1402 528 imitando
1430 493 1620 529 humiliari
1658 495 1721 529 de-

945 542 1033 577 beat
1054 544 1091 577 et
1110 541 1237 577 homo.
1262 541 1367 576 Unde
1388 539 1441 576 ait
1461 542 1722 584 Auqusiinus:

947 602 965 623 «
994 589 1089 631 Quid
1120 587 1305 633 superbis.
1331 588 1476 624 homo?
1510 590 1608 624 Dvus
1637 599 1724 634 pro-

945 640 1029 683 pter
1047 639 1083 672 te
1103 635 1254 671 humilis
1275 636 1393 671 factus
1411 639 1481 671 est.
1503 636 1668 671 Puderet
1688 638 1724 671 te

946 685 1106 719 sortasse
1142 682 1281 719 imitari
1306 682 1486 719 humilem
1515 682 1722 727 hominem,

947 732 1081 767 saltem
1115 730 1255 766 imitari
1297 730 1476 766 humilem
1512 732 1629 766 Deum
1655 742 1663 766 ε
1704 743 1721 764 »

945 780 1026 814 haec
1047 779 1291 821 Auquscinus.
1308 777 1528 814 Humilieris
1547 789 1636 821 ergo
1658 777 1725 813 mi-

946 825 1158 867 nistrando,
1191 829 1228 865 et
1263 825 1472 872 abjectiora
1498 824 1723 871 ministeria,

946 877 981 909 et
1016 884 1101 919 quae
1140 872 1204 908 alii
1240 873 1511 919 dedignantur,
1535 873 1723 919 laetanter,

946 931 1029 957 cum
1051 930 1146 966 opus
1169 924 1239 964 est,
1264 920 1520 967 suscipiendo.

997 982 1036 1004 12
1073 969 1250 1003 PRAEmcir
1284 968 1461 1005 Cfflusws
1499 978 1725 1004 NEGATIONES

946 1016 1056 1051 Pnrm
1078 1027 1119 1050 ET
1134 1027 1253 1051 FUGAM
1271 1027 1429 1052 Amonun
1447 1027 1722 1052 msmrumnum.

945 1084 990 1090 ——
1007 1065 1104 1098 Tunc
1123 1063 1369 1109 subjungens,
1382 1069 1420 1099 et
1438 1074 1522 1109 quae
1538 1074 1623 1099 mox
1639 1061 1723 1099 fieri

944 1111 1138 1146 debebant
1174 1111 1282 1156 quasi
1315 1111 1596 1157 prophetizans,
1633 1111 1726 1146 dicit

944 1159 1022 1193 illis
1040 1160 1143 1193 Jesus
1162 1170 1172 1193 :
1193 1159 1321 1194 Omnes
1340 1169 1403 1194 vos
1419 1159 1635 1194 scandalum
1652 1169 1721 1204 pa-

944 1206 1087 1241 tiemini
1107 1207 1146 1240 in
1166 1216 1234 1247 me,
1256 1207 1295 1241 in
1314 1207 1387 1242 ista
1407 1209 1520 1242 nocte.
1546 1204 1723 1241 Praedicit

945 1252 1047 1297 quod
1068 1253 1216 1298 passuri
1240 1256 1338 1297 sunt,
1361 1256 1401 1289 ut
1423 1264 1507 1289 cum
1526 1252 1628 1300 passi
1648 1253 1721 1289 fue-

945 1299 1022 1335 rint
1034 1311 1082 1335 ne
1103 1300 1306 1346 desperent
1327 1301 1500 1345 salutem,
1522 1301 1589 1337 sed
1609 1311 1721 1347 agen-

944 1352 1001 1383 tes
1020 1347 1281 1393 poenitentiam
1308 1347 1529 1384 liberentur.
1555 1348 1721 1384 Scanda—

944 1395 1022 1430 lum
1056 1394 1156 1430 enim
1196 1395 1443 1431 dubitationis
1480 1395 1582 1442 passi
1617 1399 1721 1440 sunt,

946 1443 1036 1477 (lum
1058 1441 1165 1488 quasi
1183 1442 1430 1488 impotentem
1442 1443 1577 1487 teneri,
1595 1443 1721 1488 ligari,

945 1492 983 1525 et
1003 1489 1087 1525 duci
1115 1489 1298 1527 viderent.
1338 1491 1381 1525 Et
1403 1492 1596 1536 signanter
1617 1489 1722 1535 dicit,

945 1538 984 1572 in
1004 1540 1117 1580 nocte,
1134 1536 1235 1582 quia,
1253 1538 1317 1582 qui
1335 1538 1553 1573 scandalum
1576 1537 1722 1583 patiun-

945 1587 1019 1626 tur,
1035 1584 1073 1619 in
1086 1587 1195 1619 nocte
1213 1587 1250 1620 et
1264 1584 1303 1620 in
1323 1585 1492 1621 tenebris
1507 1585 1692 1621 sustinent
1709 1595 1719 1630 ;

945 1635 981 1667 et
999 1630 1071 1677 ipsi
1092 1631 1260 1676 Apostoli
1287 1631 1325 1667 in
1346 1632 1575 1669 adversitate
1593 1631 1722 1669 Domi-

944 1689 1033 1715 num
1055 1678 1305 1724 reliquerunt.
1329 1681 1458 1715 Petrus
1483 1686 1617 1725 autem,
1637 1680 1725 1726 quia

944 1727 1078 1762 ceteris
1114 1726 1319 1762 ferventior
1358 1731 1451 1771 erat,
1480 1728 1580 1773 quod
1615 1729 1725 1764 Jesus

944 1773 1117 1819 praedixit
1145 1773 1403 1819 praevidendO,
1442 1774 1523 1821 ipse
1562 1776 1724 1821 denegat

944 1822 1124 1865 amando,
1141 1825 1177 1856 et
1196 1821 1281 1857 ideo
1300 1823 1536 1867 respondens,
1558 1825 1613 1858 ait
1633 1824 1693 1858 ilci
1711 1833 1722 1856 .·

945 1869 1028 1903 Etsi
1060 1878 1180 1903 omnes
1208 1868 1272 1903 alii
1306 1869 1557 1905 scandalizati
1581 1871 1726 1913 fuerint

944 1918 983 1950 z'n
998 1918 1042 1956 te,
1059 1926 1121 1959 eqo
1139 1926 1338 1961 numquam
1357 1917 1653 1952 scandalizabor.
1668 1918 1726 1953 ΙΠ-

944 1962 1076 1998 firmus
1102 1963 1295 1999 voluntate
1320 1963 1439 2009 jactat
1464 1975 1572 2001 suam
1594 1965 1723 2001 volun-

945 2012 1082 2053 tatem;
1099 2010 1163 2045 sed
1184 2021 1256 2045 non
1273 2010 1373 2047 vires
1394 2011 1602 2058 cognoscit.
1620 2013 1725 2048 Unde

946 2058 1075 2093 Glossa
1101 2068 1109 2092 t
1129 2070 1146 2090 «
1172 2058 1354 2094 Conscius
1376 2061 1509 2095 Petrus
1528 2059 1726 2106 praeseutis

945 2104 1115 2142 affectus,
1131 2105 1197 2140 sed
1214 2105 1362 2142 nescius
1382 2106 1494 2142 luturi
1516 2118 1725 2152 casu5,non

946 2152 1067 2202 credit
1092 2162 1131 2187 se
1159 2152 1206 2188 ab
1228 2163 1272 2188 eo
1296 2164 1409 2199 posse
1433 2154 1609 2190 deficere.
1644 2168 1661 2187 »
1685 2156 1725 2190 In

946 2203 1091 2234 tantum
1132 2201 1262 2235 Petrus
1301 2202 1437 2238 affectu
1481 2205 1517 2237 et
1567 2201 1726 2238 caritate

945 2245 1083 2283 Christi
1103 2247 1348 2293 efferebatur,
1369 2252 1409 2285 ut
1425 2253 1462 2284 et
1479 2249 1720 2285 imbecillita-

946 2297 1020 2329 tem
1048 2305 1171 2330 carnis
1203 2305 1293 2340 suae,
1316 2300 1353 2332 et
1382 2296 1496 2332 fidem
1525 2298 1725 2333 verborum

946 2340 1102 2385 Christiv
1128 2352 1203 2377 non
1241 2347 1499 2379 contueretur.
1541 2344 1614 2380 Sed
1648 2354 1725 2380 non

947 2388 1140 2433 mentitur,
1181 2389 1270 2434 quia
1309 2391 1430 2427 credit
1465 2402 1597 2427 verum
1638 2401 1721 2428 esse

947 2436 1047 2481 quod
1074 2436 1273 2482 promittit,
1296 2443 1332 2473 et
1359 2440 1411 2474 sic
1444 2439 1483 2473 in
1505 2442 1632 2475 mente
1653 2440 1724 2475 ha-

947 2483 1030 2535 b·et;
1050 2483 1230 2520 mentitur
1250 2488 1375 2521 autem
1396 2485 1459 2532 qui
1480 2486 1615 2522 salsum
1633 2496 1723 2524 voce

948 2534 1087 2575 signat,
1109 2542 1193 2567 cum
1227 2534 1421 2569 voiuntate
1454 2536 1490 2569 et
1512 2533 1723 2569 intentione

947 2577 1115 2614 fallendi.
1153 2580 1249 2614 Dixit
1284 2582 1411 2616 tamen
1450 2580 1601 2624 falsum,
1639 2580 1727 2626 quia

948 2624 1083 2660 accidit
1094 2626 1328 2663 contrarium
1342 2640 1350 2672 ;
1365 2628 1615 2664 communiter
1625 2630 1725 2663 enim

946 2671 1083 2708 accidit
1104 2675 1203 2718 quod
1218 2674 1272 2709 illi
1292 2675 1355 2720 qui
1374 2674 1459 2712 aliis
1474 2674 1510 2710 in
1528 2675 1664 2710 virtute
1685 2684 1725 2710 se

947 2720 1170 2765 prael'erunt,
1192 2721 1340 2768 turpius
1375 2721 1458 2758 aliis
1485 2723 1634 2758 cadunt.
1658 2722 1726 2757 Re-

948 2767 1141 2811 spondens
1159 2772 1289 2805 autem
1310 2769 1442 2815 amini
1462 2771 1591 2805 Jesus:
1611 2770 1731 2805 Amen

948 2813 1029 2851 dico
1050 2815 1134 2860 tibi,
1155 2818 1246 2862 quia
1264 2819 1305 2853 tu
1326 2818 1447 2863 hodie,
1466 2818 1506 2852 in
1526 2819 1627 2863 nocte
1648 2817 1729 2860 hac,
