1907 3139
376 195 424 227 DE
465 194 617 227 ffli'l'i'E
657 195 850 229 Ei‘ULiixE

79 276 145 311 pro
175 264 287 299 nihilo
315 265 458 308 patrem
497 265 617 305 vocat,
664 273 775 308 quein
810 262 845 299 in

77 308 532 358 operibusmisericordiae
554 308 693 345 imitari
713 311 845 355 noluit,

77 364 113 394 et
133 358 223 405 petit
245 357 414 392 misereri
439 356 510 400 sui,
536 356 597 402 qu'i
622 367 689 392 nee
711 356 848 393 suimet

78 406 247 441 misertus
262 407 330 447 est,
352 414 420 439 nee
435 403 562 439 Lazari
582 415 589 447 3
609 408 641 439 et
657 406 760 440 mitte
781 407 848 441 La-

74 463 213 495 zarum,
235 454 275 485 ut
310 452 472 495 intingat
495 455 696 486 eaetremwn
736 452 849 496 dium

72 501 131 535 sui
150 500 188 534 in
209 509 356 544 aquam,
396 502 429 533 et
451 500 645 542 refrigeret
684 498 849 543 linquam

71 557 199 589 meam,
222 547 310 590 qaia
343 547 484 580 crucior
516 547 555 581 in
588 547 654 581 hac
686 548 846 590 stamina.

75 595 253 629 Lazarum
275 592 367 639 petit
386 592 481 628 mitti
503 593 574 629 sibi
589 594 779 639 aestuanti,
793 594 850 630 cui

75 641 153 687 ipse
178 639 292 675 micas
312 640 418 686 panis
448 640 564 676 noluit
599 640 745 676 mittere
768 652 851 677 esu-

75 686 198 723 rienti.
221 688 336 723 Vocat
359 691 485 723 autem
508 692 714 724 extremum
745 688 851 734 digiti

75 734 131 771 sui
148 734 337 770 modicum
359 735 583 780 suffragium
607 735 849 779 meritorum;

77 785 113 818 et
133 785 277 828 guttam
300 793 421 827 aquae,
450 782 637 818 modicum
676 783 765 828 quid
793 794 851 819 re-

76 829 292 875 frigerantis
308 829 588 864 misericordiae.
605 830 705 865 Unde
716 834 850 866 notan-

77 876 165 912 dum
186 877 286 921 quod
301 877 428 923 lingua
448 880 484 912 et
498 876 639 922 digitus
660 879 853 923 metapho-

75 923 152 959 rice
170 924 348 959 dicuntur
367 924 404 959 in
421 924 619 960 animabus
653 924 851 970 separatis,

76 971 206 1016 quales
225 976 334 1006 erant
348 970 484 1006 animae
501 971 629 1007 Lazari
649 975 685 1007 et
703 971 848 1017 divitis3

75 1017 286 1054 sicutenim
309 1018 348 1053 in
384 1020 473 1062 Deo,
498 1018 558 1064 qui
597 1021 751 1065 spiritus
785 1025 851 1065 est,

76 1075 209 1101 manus
230 1064 366 1100 dieitur
385 1065 502 1101 virtus
524 1066 603 1112 ejus
623 1066 852 1111 auxihafiva,

76 1116 113 1148 et
132 1122 199 1158 per
219 1112 386 1158 linguam
415 1112 551 1154 divitis,
577 1113 693 1149 virtus
716 1125 852 1150 conee-

74 1163 159 1205 ptus
181 1159 317 1195 mentis
335 1160 562 1205 expressiva.
590 1161 693 1196 Unde
716 1172 791 1197 non
815 1162 854 1198 in

75 1217 178 1251 vera,
202 1209 267 1242 sed
289 1207 516 1253 imaginaria
536 1207 666 1253 lingua
682 1209 851 1254 punitur,

77 1253 165 1289 dum
181 1254 567 1300 pei-imaginationem
582 1255 620 1289 iii
632 1256 852 1292 memoriam

76 1304 231 1347 peecata
253 1301 392 1345 linguae
420 1306 582 1337 revocat.
606 1304 648 1336 Et
681 1303 854 1339 similiter

78 1348 187 1395 plura
226 1348 313 1392 alia,
351 1350 397 1384 de
434 1349 570 1394 quibus
604 1349 664 1384 hie
703 1350 852 1394 dieitur,

80 1395 295 1431 mentaliter
316 1396 399 1431 fieri
420 1395 697 1442 intelliguntur.
718 1397 854 1439 Quam-

79 1441 136 1478 vis
163 1442 298 1478 animae
324 1454 481 1489 corpora
499 1454 572 1478 non
593 1444 771 1487 habeant,
799 1448 853 1480 ta-

80 1500 167 1526 men
191 1490 230 1525 iu
254 1490 433 1525 membris
454 1489 529 1535 pati
552 1490 726 1526 dicuntur
742 1502 750 1534 3
768 1491 855 1537 quia

82 1540 199 1573 exutae
230 1547 252 1572 a
272 1537 492 1583 corporibus
523 1537 616 1573 tales
639 1539 794 1574 allectus
817 1538 855 1573 in

81 1594 122 1620 se
143 1583 310 1620 sentiunt
325 1595 390 1630 pro
413 1584 586 1630 peccatis,
610 1595 653 1620 ae
673 1585 702 1620 si
722 1585 759 1621 in
777 1596 856 1621 cor-

80 1642 172 1677 pore
193 1634 413 1678 paterentur
432 1632 469 1667 in
493 1631 685 1668 membris.
714 1632 751 1668 ln
780 1633 853 1668 lin-

78 1689 151 1725 gua
172 1690 261 1724 ergo
289 1678 446 1714 cruci-<iri
471 1678 618 1723 dieitur,
657 1679 693 1714 id
725 1683 782 1715 est
814 1680 854 1715 in

77 1725 215 1767 anima,
241 1736 323 1772 quae
345 1736 411 1772 pro
438 1730 590 1772 peceato
614 1726 753 1771 linguae
774 1737 852 1762 am-

76 1773 175 1819 plius
193 1775 452 1818 torquebatur,
475 1773 562 1819 quia
583 1784 649 1819 per
666 1784 748 1810 eam
770 1774 854 1819 plus

75 1824 310 1866 peceaverat,
332 1820 539 1855 seeundum
556 1823 629 1855 duo
645 1821 773 1856 officia
793 1832 856 1856 na-

76 1872 184 1911 turae,
206 1867 245 1902 in
272 1867 405 1912 quibus
428 1867 557 1912 lingua
581 1867 759 1911 deservit,
783 1868 853 1903 sei-

77 1914 188 1950 licet:
212 1920 364 1960 gustum
386 1918 422 1949 et
442 1915 645 1960 loquelam,
669 1915 706 1950 in
718 1915 855 1961 quibus

79 1961 257 2007 epulones
291 1962 510 2007 frequenter
542 1962 739 1997 offendunt
786 1964 857 1997 Per

81 2008 250 2053 linguam
271 2008 474 2054 quidemin
496 2009 621 2044 officio
631 2014 762 2054 gustus
776 2020 859 2055 pee-

80 2055 191 2099 cavit,
208 2055 296 2101 quia
306 2055 528 2102 epulabatur
547 2057 713 2102 quotidie
733 2058 857 2103 splen-

82 2103 192 2146 dide3
216 2107 252 2138 et
279 2102 451 2139 similiter
473 2114 510 2138 in
537 2103 660 2139 officio
682 2104 854 2149 loquelae,

74 2149 279 2196 >quiainter
293 2150 645 2196 epulassplendidas
662 2151 780 2198 magis
799 2162 856 2187 re-

81 2197 226 2233 laxatur
244 2197 374 2243 lingua
388 2198 436 2233 ad
460 2198 693 2244 loquendum
710 2199 856 2244 inepta.

82 2244 126 2280 Et
154 2244 238 2280 ideo
266 2245 413 2290 expedit
440 2247 547 2281 vaide
575 2245 615 2281 in
642 2256 772 2281 mensa
792 2257 854 2281 so-

81 2291 279 2327 brietatem
318 2296 354 2327 et
393 2292 582 2328 silentium
634 2295 851 2329 observare.

83 2339 184 2374 Unde
201 2340 362 2374 Basilius
382 2352 388 2375 :
405 2341 624 2382 «Quantum
655 2351 854 2386 possumus

82 2385 234 2421 delicias
254 2385 399 2431 mundi,
434 2390 471 2422 et
497 2387 668 2423 ciborum
699 2389 855 2433 epulan-

83 2432 172 2468 tiam
200 2433 408 2479 fugiamus;
437 2445 484 2469 ne
517 2435 667 2479 quando
702 2434 855 2470 cruciati

84 2478 122 2515 in
141 2481 305 2523 flamma,
327 2491 539 2526 quaeramus
563 2485 709 2527 guttam
733 2493 854 2528 aquae,

85 2530 122 2562 et
134 2527 278 2562 nullum
291 2528 527 2574 refrigerium
538 2539 852 2575 consequamur.»

132 2588 151 2619 7
191 2575 422 2610 ENUMERATio
441 2587 610 2612 VITIORUM
632 2588 740 2612 Huius
768 2588 856 2611 nivi-

88 2631 153 2655 Tis.
178 2640 220 2646 —-
239 2612 374 2657 Plenus
394 2622 655 2666 nihilominus,
676 2628 715 2659 ut
736 2625 855 2659 visum

87 2670 156 2711 est,
174 2668 241 2703 iste
269 2667 371 2703 dives
396 2670 464 2705 fuit
483 2669 582 2705 vitiis
605 2681 613 2705 ε
636 2671 675 2706 in
692 2682 735 2706 eo
757 2671 856 2706 enim

89 2718 169 2749 erat
189 2714 359 2758 avaritia,
385 2716 474 2761 quia
512 2717 614 2753 dives
647 2722 740 2760 erat,
780 2728 856 2753 non

88 2761 176 2806 quia
196 2761 345 2797 divitias
361 2763 537 2808 habebat,
558 2765 623 2800 sed
642 2765 728 2811 quia
745 2775 856 2800 avare

90 2808 289 2854 retinebat,
299 2813 336 2846 et
347 2809 474 2847 illicite
489 2813 734 2858 expendebat.
748 2814 857 2856 Item,

890 195 940 229 Ei·
978 196 1147 229 LAZARU
1187 196 1400 229 liminum.
1650 204 1706 236 ΜΟ

924 264 960 299 in
981 274 1025 299 eo
1045 262 1113 299 l'uit
1137 273 1233 298 vana
1259 263 1393 308 gloria,
1435 276 1547 311 quam
1571 270 1703 306 habuit

923 311 962 346 in
983 310 1119 346 utendo
1144 312 1244 345 veste
1267 311 1444 356 pretiosa.
1471 316 1545 349 Hoc
1576 322 1702 353 autem

926 369 1039 404 quain
1061 357 1202 403 grande
1227 357 1275 392 sit
1313 364 1504 402 peecatum
1532 367 1632 407 patet
1660 377 1701 400 ex

925 405 1082 441 historia
1095 406 1703 455 Roinaiioi‘uiii‚uliilegiturquod

926 453 986 488 ille
1014 452 1077 498 qui
1098 451 1239 498 primus
1262 453 1361 498 apud
1381 464 1445 489 eos
1468 466 1631 501 purpura
1653 458 1704 494 iii-

926 501 1035 535 dutus
1061 500 1144 540 suit,
1170 510 1192 535 a
1221 499 1376 535 fulmine
1410 512 1610 546 percussus
1648 505 1702 540 in-

925 547 1038 582 teriit.
1069 549 1150 582 Non
1173 547 1285 582 debet
1317 548 1430 583 homo
1467 549 1512 585 de
1542 551 1704 588 vestibus

926 594 1094 640 gloriari,
1110 593 1184 629 imo
1202 593 1320 639 mxgis
1337 596 1480 641 dolere,
1500 598 1704 643 respicien-

927 642 973 677 do
1001 642 1049 677 ad
1084 644 1278 687 peecatum
1314 652 1452 686 suuin;
1495 655 1583 681 nam
1617 651 1704 683 ante

926 692 1123 735 peecatum
1151 692 1253 724 veste
1286 699 1361 724 non
1387 690 1596 736 indigebat,
1619 694 1707 739 quia

927 736 1062 771 decore
1085 735 1312 771 innocentiae
1337 737 1485 774 indutus
1507 744 1601 783 erat;
1625 743 1705 787 sed,

927 783 1074 829 perdita
1102 782 1331 827 innocentia,
1360 785 1510 821 advenit
1535 788 1599 823 Dei
1636 788 1706 834 ira,

927 834 964 866 et
989 834 1078 865 tune
1106 830 1216 865 vestis
1253 830 1323 866 sibi
1361 832 1459 868 faeta
1491 834 1539 870 ad
1572 846 1706 882 coope-

926 876 1100 913 riendum
1125 876 1315 913 miseriam
1350 880 1494 924 peceati
1531 885 1568 917 et
1604 883 1706 919 defe-

927 928 1054 960 ctuum
1076 929 1307 960 nostrorum.
1334 927 1438 963 Unde
1471 927 1510 964 in
1547 930 1705 966 Genesi:

927 974 1025 1008 Fecit
1046 983 1187 1017 quoque
1209 975 1301 1008 Deus
1328 974 1421 1010 Adae
1442 978 1475 1011 et
1495 979 1605 1012 uoeom'
1629 979 1707 1023 ejus

928 1021 1071 1054 tunicas
1090 1021 1279 1065 pelliceas,
1303 1021 1445 1057 seilicet
1471 1027 1574 1060 extra
1594 1035 1706 1071 para-

928 1067 1051 1102 disum
1072 1070 1158 1112 post
1178 1067 1325 1113 lapsum
1347 1072 1383 1104 et
1419 1074 1627 1115 peecatum.
1666 1075 1707 1109 ln

929 1113 1078 1159 signum
1110 1114 1236 1160 liujus,
1277 1115 1391 1161 aliqui
1432 1117 1598 1164 religiosi
1633 1131 1706 1156 non

931 1165 1085 1197 utuntur
1112 1161 1180 1196 nisi
1208 1162 1382 1208 pellibus,
1412 1163 1449 1199 in
1484 1166 1707 1203 memoriam

929 1208 1241 1254 transgressionis
1263 1210 1472 1255 primorum
1494 1217 1708 1259 parentum,

930 1259 965 1291 et
986 1255 1025 1290 in
1047 1255 1196 1300 signum
1218 1257 1472 1303 mortalitatiS,
1487 1260 1574 1305 quia
1592 1262 1708 1307 pelles

931 1306 1016 1338 sunt
1035 1303 1081 1338 de
1102 1303 1328 1339 animalibus
1347 1306 1516 1342 mortuis.
1539 1308 1707 1350 Quatiior

929 1353 1055 1385 autem
1078 1349 1195 1385 modis
1215 1354 1338 1395 potest
1358 1362 1440 1388 esse
1465 1356 1705 1400 reprehensio

929 1397 1027 1432 eirea
1043 1400 1186 1432 vestes:
1208 1397 1343 1442 primo,
1375 1401 1524 1444 quando
1547 1406 1633 1438 sunt
1655 1402 1708 1438 ni-

930 1443 1000 1479 mis
1023 1443 1221 1489 pretiosae;
1243 1447 1424 1490 seeundo,
1448 1449 1597 1493 quando
1619 1453 1707 1485 suut

929 1491 1101 1534 eiiriosee3
1116 1491 1241 1535 tertio,
1263 1493 1412 1537 qu.ind0
1432 1505 1510 1530 nou
1530 1500 1613 1531 sunt
1630 1501 1706 1533 sta-

929 1538 982 1573 tui
1020 1548 1193 1583 personae
1236 1540 1502 1577 convenientes
1525 1554 1533 1587 ;
1557 1548 1705 1588 quarto,

929 1584 1104 1630 denique,
1126 1586 1279 1630 quando
1307 1586 1390 1632 quis
1412 1589 1525 1625 habet
1560 1591 1708 1627 diversa

930 1631 1087 1667 vestium
1109 1633 1324 1678 mutatoria,
1355 1639 1406 1670 ita
1433 1637 1533 1682 quod
1553 1648 1575 1673 a
1595 1638 1709 1674 tineis

929 1679 1197 1723 demoliuntur,
1217 1680 1306 1716 dum
1327 1682 1497 1719 Christus
1518 1684 1557 1720 in
1573 1696 1708 1732 paupe-

929 1726 1033 1762 rihus
1054 1727 1175 1762 nudus
1196 1727 1432 1774 relinquitur.
1450 1733 1556 1775 Item,
1580 1733 1650 1769 l'uit
1669 1733 1707 1768 in

930 1784 973 1809 eo
997 1781 1189 1819 peceatum
1225 1775 1336 1820 gulae,
1370 1777 1458 1822 qnia
1483 1780 1707 1825 epulabatur

931 1820 1098 1866 quotidie
1120 1822 1328 1867 splendide.
1354 1825 1455 1860 Facit
1490 1833 1617 1863 autem
1644 1839 1705 1873 gu—

930 1867 1031 1913 losus
1061 1868 1240 1914 injuriam
1274 1874 1418 1906 naturae
1443 1883 1450 1915 ;
1474 1874 1565 1908 nulli
1604 1876 1705 1910 enim

931 1915 1083 1950 animali
1102 1920 1177 1950 tam
1192 1926 1369 1961 magnum
1382 1929 1516 1964 corpus
1537 1921 1704 1966 habenti,

932 1961 1035 1997 dedit
1058 1966 1191 2009 natura
1214 1968 1290 1998 tam
1315 1974 1469 2010 parvum
1494 1978 1535 2002 os
1562 1972 1598 2003 et
1622 1970 1706 2004 eol-

932 2010 1023 2053 liiin,
1044 2009 1138 2045 sieut
1155 2010 1310 2054 homini,
1328 2015 1365 2047 ut
1387 2022 1454 2058 per
1474 2016 1544 2050 hoc
1565 2016 1612 2051 ad
1633 2016 1705 2052 eibi

931 2060 968 2091 et
984 2061 1095 2102 potus
1114 2057 1336 2103 parcitatem
1357 2064 1394 2095 et
1418 2063 1706 2107 temperantiam

931 2114 1001 2138 nos
1020 2108 1203 2140 moneret.
1224 2107 1311 2140 Erat
1332 2111 1367 2141 et
1382 2106 1463 2143 sine
1486 2110 1701 2146 misericor-

931 2150 1005 2193 dia,
1023 2151 1110 2196 quia
1128 2151 1284 2187 ulcerosi
1306 2154 1480 2200 pauperis
1499 2157 1619 2193 noluit
1643 2157 1707 2194 mi-

929 2199 1068 2241 sereri3
1088 2202 1125 2234 et
1142 2199 1226 2235 ideo
1244 2200 1384 2237 t'rustra
1408 2202 1706 2241 misericordiam

928 2245 1048 2291 petiit,
1072 2245 1133 2291 qui
1165 2246 1463 2285 misericordiam
1499 2262 1576 2287 non
1598 2253 1704 2298 t'ecit3

928 2296 964 2328 et
979 2292 1062 2328 ideo
1077 2293 1190 2329 etiam
1206 2298 1397 2341 tamquam
1412 2307 1433 2332 a
1446 2299 1521 2333 Deo
1537 2310 1611 2335 non
1625 2310 1710 2346 eog-

930 2340 1030 2375 nitus
1056 2345 1158 2376 caret
1191 2343 1357 2387 nomine,
1381 2355 1445 2390 qui
1466 2346 1585 2382 Deum
1619 2358 1705 2393 eog-

929 2397 1084 2423 noscere
1102 2388 1221 2424 noluit
1250 2389 1290 2425 iu
1317 2401 1495 2437 paupere.
1512 2395 1593 2429 Non
1606 2395 1707 2430 enim

928 2435 1218 2480 reprehenditur
1239 2447 1282 2472 ex
1297 2447 1340 2473 eo
1363 2440 1462 2484 quod
1483 2440 1588 2476 dives
1610 2446 1705 2486 erat,

929 2483 1115 2534 seii-quod
1139 2483 1287 2519 divitias
1309 2495 1419 2522 avare
1442 2487 1645 2533 retinebat,
1670 2494 1707 2525 et

929 2528 1021 2563 nihil
1045 2532 1199 2576 pauperi
1215 2533 1306 2567 dare
1327 2534 1490 2577 volebat,
1509 2546 1551 2571 ae
1577 2546 1640 2572 eas
1667 2537 1707 2572 in

931 2576 1094 2612 vestibus
1127 2576 1288 2614 curiosis
1315 2584 1352 2614 et
1376 2582 1497 2626 epulis
1535 2583 1709 2619 delicatis

931 2623 1028 2658 male
1055 2625 1307 2670 expendebat,
1341 2627 1528 2674 nimisque
1557 2631 1707 2666 divitias

932 2671 1095 2715 amabat,
1119 2676 1155 2707 et
1172 2672 1274 2708 eirea
1289 2684 1352 2710 eas
1371 2686 1435 2710 cor
1453 2687 1563 2713 suum
1579 2688 1710 2724 posue-

931 2722 1014 2762 rat3
1038 2729 1108 2754 nee
1151 2722 1444 2765 reprelienditur
1469 2734 1512 2759 ex
1538 2735 1581 2760 eo
1610 2724 1711 2770 quod

931 2765 1058 2800 aliena
1072 2767 1240 2811 abstulit,
1261 2768 1327 2803 sed
1348 2770 1447 2814 quod
1469 2781 1535 2807 sua
1555 2782 1631 2806 non
1652 2773 1713 2807 de-

932 2811 1014 2856 dit;
1037 2823 1107 2849 nec
1126 2813 1276 2858 dicitur,
1299 2818 1388 2861 quia
1414 2818 1627 2864 quempiam
1648 2829 1710 2864 op-
