1907 3139
540 206 592 239 DE
631 206 865 241 INVITATIS
904 209 961 243 AD
1001 207 1207 248 NUPTIAS,
1246 208 1336 242 ETC.
1704 211 1759 245 5221

121 277 219 314 hanc
245 277 283 313 in
314 287 353 313 se
388 275 568 312 Conditor
599 280 728 312 noster
753 277 898 321 habuit,
936 285 938 289 ·

120 326 211 361 dum
233 325 281 361 ad
302 322 491 360 sociandae
516 322 587 358 sibi
624 324 798 359 Ecclesia}
828 336 899 360 nu-

116 372 214 419 ptias
239 373 352 408 venit.
380 370 448 414 Qui
469 381 577 415 erge,
594 381 662 417 per
683 371 894 415 caritatem,

120 419 221 456 venit
240 419 287 454 ad
303 419 490 462 homines,
514 420 684 454 eamdem
707 419 900 455 caritatem

120 465 899 510 innotuitvestemessenuptialem.Scien-
936 493 937 499 ,

119 515 210 550 dum
233 524 329 550 vero
352 518 421 557 cst,
448 513 535 559 quia
560 513 655 549 sicut
689 514 723 548 in
756 515 901 550 <luobus

118 560 248 607 lignis,
276 561 462 607 superiori
486 560 659 596 videlicet
686 565 722 596 et
745 561 900 597 iuferio-

119 608 166 653 ri,
187 610 303 644 vestis
323 607 487 652 texitur;
512 608 563 644 ita
585 608 622 644 in
645 609 791 645 duobus
810 620 901 655 prie-

121 703 263 739 scilicet
288 703 364 744 Uei,
388 707 424 739 et
446 705 482 738 in
501 703 702 739 dilectione
720 703 894 750 proximi.

123 753 202 787 Duo
224 762 313 797 ergo
340 761 491 787 necesse
506 754 563 786 est
582 751 731 794 habeat,
754 754 792 786 ut
808 751 900 787 cari-

121 798 210 834 tatis
233 802 421 844 praecepta
435 799 630 841 custodiat,
650 798 817 844 quisquis
836 801 901 834 tia-
934 797 935 803 ’

123 846 212 882 bere
239 846 277 882 iu
298 846 438 892 nuptiis
459 848 598 881 vestem
611 847 818 890 nuptialem
835 857 898 881 cu-

121 897 210 930 rat:
235 896 424 939 quatenus
458 903 527 928 nec
560 903 603 928 ex
638 895 898 939 compassione

122 940 295 986 proximi,
324 939 681 986 contemplationem
710 940 898 986 relinquat

122 988 186 1024 Dei
204 999 212 1032 ;
235 999 301 1024 nec
320 988 403 1034 plus
424 998 538 1033 quam
559 987 672 1023 debet
706 987 896 1023 inlitercns
933 1000 935 1029 ς

123 1034 428 1082 contemplationi
443 1034 826 1080 Dei‚compassioncm
838 1036 900 1072 ab·
933 1032 935 1054 ²

118 1082 227 1129 jiciat
252 1083 424 1129 proximi.
452 1082 654 1118 Sciendum
673 1093 821 1128 quoque
844 1086 900 1119 est

122 1130 221 1176 quod
243 1130 322 1176 ipsa
344 1129 492 1166 dilectio
510 1129 671 1176 proximi
693 1130 732 1165 in
752 1130 899 1166 (luobus

122 1177 321 1224 praeceptis
352 1176 614 1221 subdividitur,
637 1188 721 1213 cum
743 1177 899 1223 quidam

123 1225 277 1271 Sapiens
313 1225 366 1261 sic
389 1225 488 1261 dicat
526 1225 667 1261 :Omne
704 1226 801 1270 quod
830 1226 902 1261 tibi
935 1237 936 1248 ¹

124 1273 242 1308 oderis
263 1275 356 1317 steri,
377 1273 460 1307 vide
490 1283 533 1308 ne
559 1274 667 1307 altem·
696 1274 835 1316 s'ucuts‚·
864 1277 901 1308 et

123 1330 191 1366 per
211 1319 450 1365 semetipsam
470 1319 618 1356 Veritas
636 1320 829 1365 praedicat,
844 1319 900 1355 di-

125 1378 214 1403 cens
234 1379 241 1402 :
277 1368 512 1412 Quaecumque
533 1369 645 1402 vultis
683 1372 723 1402 ut
758 1369 902 1411 fociant

124 1416 225 1450 vobis
246 1416 405 1450 homines
439 1418 470 1450 et
496 1425 557 1450 vos
581 1415 704 1449 eadem
724 1416 837 1458 facite
854 1417 901 1450 ἱζ-

127 1464 185 1497 lis.
201 1462 345 1498 Caritas
363 1465 487 1498 autem
503 1473 592 1497 vera
610 1466 679 1501 est„
702 1472 786 1497 cum
807 1466 843 1497 et
864 1463 903 1498 in

128 1510 202 1545 Deo
226 1509 394 1555 diligitur
409 1509 605 1552 amicus,ct
617 1511 769 1555 propior
787 1511 902 1545 Deum

126 1556 294 1602 diligitur
313 1556 500 1592 inimicus.
531 1558 664 1601 Magna
686 1559 771 1592 sunt
804 1558 899 1600 haec,

126 1604 202 1639 alta
223 1608 308 1639 sunt
328 1605 421 1645 haec,
445 1609 481 1640 et
500 1604 629 1639 multis
649 1604 696 1639 ad
719 1604 901 1639 exhibeo·
938 1604 939 1613 ¹

126 1652 214 1687 dum
247 1651 438 1693 ‹Lit‘sscilia3
481 1652 544 1687 sed
584 1655 709 1687 tamen
745 1651 817 1688 ista
846 1655 903 1688 est

125 1698 238 1734 vestiS
259 1699 447 1745 nuptialis.
462 1699 635 1743 Quisquis
648 1700 743 1734 lianc
760 1710 904 1735 recum-

126 1746 220 1782 bens
242 1757 318 1782 non
345 1747 471 1789 babet,
498 1746 576 1791 jam
607 1745 788 1781 sollicitus
822 1757 899 1782 me-

125 1796 220 1837 tuat,
242 1793 478 1839 ingrediente
501 1804 602 1837 rege,
625 1793 715 1838 quin
732 1793 902 1830 mittatur

126 1841 226 1876 foras
251 1852 258 1876 :
285 1854 303 1874 ))
329 1841 409 1876 liceo
431 1841 637 1884 Gregorius.
668 1843 716 1876 Et
749 1843 802 1876 otc
827 1843 900 1885 ille,

124 1898 435 1934 unumquemque
472 1887 573 1923 enim
622 1888 816 1923 hominem
862 1888 900 1923 in

119 1934 261 1980 judicio
280 1935 510 1981 particulari,
530 1945 614 1970 cum
632 1934 806 1979 moritur,
820 1935 902 1971 uni·
937 1938 938 1943 ’

126 1993 322 2018 versorum
352 1984 468 2018 Judex
495 1981 719 2027 interrogat,
743 1993 899 2027 quomo-

126 2029 174 2065 do
196 2029 234 2065 in
265 2030 339 2066 tide
371 2029 583 2066 Christiana
615 2040 654 2065 se
696 2029 897 2074 habuerit;

123 2077 189 2113 sed
209 2076 247 2113 in
270 2077 347 2113 fine
368 2076 498 2112 mundi
529 2077 705 2122 loquetur
729 2077 797 2112 toti
828 2078 897 2112 liu-

123 2135 236 2160 mano
258 2124 388 2171 generi
411 2126 574 2166 :Amice,
590 2124 676 2160 fidei
698 2124 898 2170 participa-

122 2171 239 2216 tione,
262 2172 327 2208 sed
348 2182 424 2207 non
438 2172 656 2217 operatione
673 2183 681 2215 3
701 2171 816 2207 debiti
838 2173 900 2208 ob-

124 2219 316 2266 ligatione,
334 2220 398 2255 sed
417 2230 488 2255 non
504 2219 708 2262 solutione3
732 2218 897 2264 nomine,
933 2242 935 2249 =

128 2277 201 2302 non
224 2277 277 2302 re.
303 2268 468 2303 Vocatur
491 2277 581 2312 ergo
617 2270 788 2311 peccator
809 2266 899 2302 anii-

125 2324 203 2357 cus,
237 2319 390 2360 propter
414 2314 528 2349 fidem
565 2313 778 2354 intormem,
815 2324 898 2359 quae

124 2361 258 2397 notitia
276 2362 448 2407 quaedam
471 2363 540 2406 cst,
571 2364 607 2397 et
636 2362 702 2397 Dei
739 2361 896 2406 donum,

125 2408 211 2444 licet
232 2420 307 2444 non
327 2408 488 2444 sufiiciat
510 2410 555 2444 ait
584 2409 768 2450 salutem3
792 2419 898 2444 voca-

125 2458 184 2492 tur
202 2455 315 2492 etiam
341 2455 495 2499 amicus,
522 2459 676 2502 propter
708 2459 895 2500 naturam,

126 2513 198 2548 qua
214 2503 261 2539 ad
283 2503 482 2549 imaginem
497 2505 561 2539 Dei
581 2507 636 2539 est
656 2503 800 2547 sactus;
823 2504 895 2547 vel,

126 2552 212 2595 quia
234 2550 302 2586 fuit
324 2550 516 2586 invitatus.
547 2551 728 2594 Quomodo
750 2552 817 2585 huc
838 2553 895 2585 in·
930 2561 932 2567 ⁸

124 2599 234 2632 trasei
253 2597 351 2633 inter
380 2597 726 2643 congregationem,
756 2597 898 2633 scilicet

125 2644 309 2683 fidelium.
333 2651 569 2681 sacramenta
588 2645 762 2680 Ecclesiae
784 2644 898 2680 susci-

80 2728 85 2729 ⁷
124 2691 276 2738 piendo,
294 2691 408 2727 fidem
420 2693 593 2728 Ecclesiae
615 2692 843 2735 confitendo,
862 2695 898 2727 et

125 2750 196 2775 non
214 2740 348 2774 habens
367 2743 498 2774 vestem
516 2741 733 2784 nuptialem,
755 2739 897 2775 scilicet

130 2797 260 2833 opera,
282 2786 360 2822 sine
381 2785 515 2832 quibus
531 2787 624 2823 fides
646 2790 702 2822 est
722 2786 898 2822 mortua?

126 2833 197 2879 vel,
216 2836 358 2870 vestem
376 2833 594 2880 nuptialem,
611 2833 752 2870 scilicet
763 2838 896 2870 carita-

978 281 1066 322 tem,
1088 277 1176 324 qula
1195 279 1338 325 absque
1358 279 1422 315 tali
1451 284 1550 317 vesto
1572 293 1681 319 nemo
1703 283 1751 319 ad

977 325 1283 362 communionem
1314 326 1484 363 fidelium
1514 329 1626 365 debet
1648 341 1752 366 acce-

976 373 1078 417 dere,
1102 372 1282 419 quoniam
1310 373 1468 419 (lignum
1493 379 1562 420 est,
1588 382 1625 411 ut
1657 389 1749 413 con-

976 421 1142 456 vivantes
1182 419 1249 467 ipsi
1291 432 1428 468 sponso
1464 423 1503 458 in
1526 424 1653 459 habitu
1679 425 1753 461 sint

976 468 1200 511 conformes,
1224 468 1285 514 qui
1316 473 1453 505 vestem
1479 470 1599 506 induit
1619 471 1752 507 carita-

975 515 1049 551 tis?
1076 516 1218 552 Caritas
1242 516 1379 552 dicitur
1405 520 1515 553 vesus
1537 531 1547 553 .-
1567 522 1645 553 tum
1664 519 1753 564 qula

975 563 1097 609 operit
1116 563 1266 607 delicta,
1291 568 1374 616 ‚tum
1397 566 1485 611 quia
1500 566 1749 602 calet'acitde-

935 632 936 652 3
975 610 1215 653 siilcria,tum
1237 622 1325 657 quia
1345 614 1423 648 sine
1443 623 1487 648 ea
1508 624 1581 649 non
1601 614 1750 658 placent

120 655 238 701 ceptis
258 655 394 692 caritas
422 656 582 692 habetur
602 667 610 690 :
633 656 672 691 in
700 656 900 692 dilectione
935 685 936 688 ,

975 659 1050 693 Deo
1073 669 1187 704 opera
1205 663 1346 695 nostra.
1374 661 1515 696 Dicitur
1529 664 1656 696 autem
1680 672 1750 697 nu·-

969 707 1103 751 ptc'ulc's
1126 717 1134 740 ;
1158 707 1246 752 quia
1278 706 1504 743 marimonia
1538 708 1631 744 fiunt
1657 719 1752 755 pro-

972 757 1056 798 pter
1081 753 1286 789 amicitiam
1304 755 1595 799 reformandam,
1618 756 1752 791 contir-

973 800 1149 835 mandam
1174 804 1210 837 et
1234 802 1460 847 augendam.
1487 804 1529 838 In
1557 803 1751 839 matrimo-

974 847 1036 882 nio
1058 847 1174 892 igitur
1204 848 1286 884 Filii
1310 849 1390 892 Dei,
1427 850 1527 896 quod
1559 850 1647 886 serit
1668 862 1752 887 eum

933 932 935 945 ᾗ
972 898 1107 930 natura
1132 896 1310 940 humana,
1334 898 1499 933 amicitia
1519 898 1617 933 inter
1635 900 1752 934 Deum

973 946 1008 977 et
1025 953 1090 978 nos
1109 946 1164 978 est
1177 944 1393 987 reformata,
1408 949 1588 991 perpetuo
1611 946 1745 981 contir-

973 993 1088 1033 mata,
1110 994 1146 1026 et
1182 993 1296 1026 etiam
1315 996 1573 1037 augmentata.
1598 995 1642 1029 Et
1665 996 1753 1030 nota

973 1037 1074 1082 quod
1093 1037 1329 1074 existentium
1351 1039 1386 1074 in
1416 1040 1554 1085 nuptiis
1575 1041 1712 1076 Christi
1742 1053 1750 1076 z

933 1114 935 1125 ,
972 1083 1124 1130 plurimi
1155 1089 1242 1121 sunt
1272 1085 1393 1122 induti
1415 1098 1522 1124 sacco
1556 1087 1750 1132 avaritiae;

973 1132 1089 1177 aliqui
1111 1138 1197 1168 sunt
1219 1133 1336 1169 induti
1352 1145 1516 1181 purpura
1540 1135 1750 1179 superbiae;

974 1179 1090 1224 aliqui
1112 1190 1203 1215 auro
1226 1181 1346 1216 inanis
1357 1182 1486 1227 gloriae
1505 1194 1512 1226 ;
1534 1183 1650 1228 aliqui
1674 1183 1752 1228 pel-

974 1226 1070 1262 libus
1089 1227 1213 1263 ovium
1241 1229 1424 1264 simulatae
1440 1230 1618 1275 justitiae;
1639 1231 1755 1277 aliqui

975 1275 1090 1309 armis
1114 1275 1345 1319 iracundiae3
1378 1276 1495 1322 aliqui
1526 1278 1666 1314 habent
1692 1289 1755 1314 ve-

975 1321 1191 1357 stimentum
1212 1324 1446 1360 sordidatum
1471 1328 1623 1371 peccato
1647 1326 1753 1362 luxu-

976 1368 1064 1408 riam
1107 1369 1224 1415 aliqui
1266 1371 1471 1407 laceratum
1500 1372 1751 1409 dissecatione

976 1415 1150 1459 invidum
1172 1417 1286 1462 aliqui
1308 1418 1599 1465 incompositum
1628 1420 1749 1464 negli-

977 1463 1098 1508 gentia
1135 1464 1314 1509 accidiae3
1349 1466 1464 1511 aliqui
1488 1468 1590 1502 molli
1613 1467 1753 1504 intuitu

977 1511 1284 1556 cotnplacentia:;
1322 1513 1436 1558 aliqui
1459 1514 1572 1550 nimis
1594 1516 1754 1551 astinen-

977 1562 1046 1601 tes,
1061 1558 1262 1595 voracitate
1284 1561 1395 1605 gulae.
1409 1562 1459 1597 De
1480 1563 1615 1608 quibus
1636 1563 1756 1598 omni-

977 1604 1111 1641 busin
1139 1608 1329 1652 Soplionia
1363 1608 1500 1644 dicitur
1536 1622 1547 1645 .·
1587 1612 1753 1647 Visitabo

976 1663 1098 1698 super,
1112 1665 1231 1690 omues
1253 1658 1318 1700 qui
1339 1657 1461 1692 induti
1479 1660 1565 1693 sunt
1582 1661 1677 1694 veste
1694 1669 1753 1705 pe-

975 1711 1138 1744 reorum.

1024 1751 1044 1783 6
1063 1750 1239 1785 TENEBRAE
1260 1761 1478 1787 Exrnmoans
1511 1764 1753 1794 PAUCITASQUE

976 1806 1194 1832 ELECTORUM.
1215 1818 1259 1823 -
1277 1799 1329 1834 At
1360 1801 1423 1834 z'lle
1442 1801 1622 1837 obmutuit
1640 1814 1650 1836 ε
1670 1813 1754 1848 pro-

976 1846 1059 1887 pter
1094 1844 1269 1880 timorem
1296 1847 1560 1891 accusationis,
1595 1853 1752 1894 propter

976 1891 1277 1943 erubescentiam
1328 1893 1551 1940 iniquitatis,
1598 1901 1752 1942 propter

975 1942 1227 1990 ignorantiam
1260 1941 1522 1987 excusationis,
1555 1953 1631 1988 prae
1661 1955 1750 1979 con-

974 1984 1123 2020 tusione
1147 1996 1221 2021 non
1252 1987 1395 2023 habens
1419 1990 1508 2034 quid
1534 1991 1750 2036 responde-

973 2034 1051 2075 ret;
1093 2033 1233 2069 etenim
1257 2036 1331 2070 Deo
1371 2037 1492 2072 nullus
1517 2039 1749 2084 respondere

972 2083 1110 2132 potest,
1144 2082 1209 2116 sed
1245 2081 1396 2127 propria
1439 2089 1620 2130 arguente
1659 2097 1749 2122 eon-

973 2131 1139 2171 scientta,
1163 2129 1399 2165 convincitur
1419 2137 1601 2168 etxmutus
1624 2133 1751 2169 effici-

972 2176 1044 2208 tur.
1066 2175 1136 2209 Ρθιἱ
1156 2176 1227 2211 hoc
1242 2187 1331 2222 ergo
1351 2179 1450 2223 quod
1472 2179 1532 2215 ille
1548 2181 1748 2227 obmutuit,

972 2225 1204 2273 monstratur
1225 2225 1325 2269 quod
1345 2224 1383 2260 in
1415 2225 1479 2262 illo
1507 2228 1637 2264 ultimo
1664 2239 1753 2265 exa-

972 2278 1071 2304 mine
1099 2280 1210 2306 omne
1237 2282 1354 2316 genus
1387 2274 1635 2311 excusationis
1675 2287 1747 2312 ces-

932 2340 933 2351 t
971 2315 1081 2351 sabit.
1108 2319 1205 2353 Tune
1225 2320 1325 2354 ducit
1339 2330 1405 2355 rea>
1423 2323 1618 2367 ministrate,
1636 2323 1673 2359 id
1691 2327 1748 2360 est

931 2365 934 2401 l
969 2363 1121 2408 Angelis
1136 2365 1440 2412 divinaejustitiae
1450 2370 1745 2415 exsecutoribus,

968 2410 1039 2453 vcl,
1061 2410 1122 2446 isti
1146 2414 1307 2449 ministri
1330 2419 1415 2451 sunt
1446 2416 1601 2463 maligni
1638 2418 1746 2464 spii’i-

931 2480 932 2508 l
968 2460 1041 2501 tus⁷
1058 2458 1120 2503 qui
1146 2461 1311 2506 deputati
1334 2468 1421 2498 sunt
1441 2464 1489 2499 ad
1512 2475 1664 2510 poenam
1682 2466 1746 2502 da·

969 2509 1195 2558 mnatorum,
1213 2520 1231 2554 q
1241 2511 1299 2545 uia
1318 2511 1524 2547 secundum
1542 2513 1746 2558 Ortyenem,

969 2558 1103 2588 merito
1125 2558 1210 2590 sunt
1230 2566 1352 2602 poenae
1377 2563 1563 2602 auctores,
1581 2560 1643 2605 qui
1667 2562 1746 2596 fue-

967 2603 1055 2635 runt
1070 2601 1189 2647 culpae
1212 2608 1452 2649 suggestores
1478 2617 1485 2641 :
1505 2608 1647 2651 Ligyatc's
1666 2620 1748 2643 mst-

969 2647 1076 2682 nz'bus
1096 2652 1128 2684 et
1152 2651 1309 2695 pedibus
1341 2652 1431 2696 ejus.
1467 2653 1503 2689 id
1527 2657 1596 2699 est,
1620 2656 1745 2691 ablata

969 2696 1152 2739 potestate
1175 2698 1268 2733 bene
1289 2700 1484 2744 operandi,
1508 2704 1544 2736 et
1570 2703 1616 2737 ad
1645 2703 1744 2738 salu-

969 2744 1045 2776 tem
1072 2745 1310 2795 revertendi,
1332 2757 1375 2782 ac
1407 2747 1568 2793 gratiam
1591 2759 1746 2794 recupe-

970 2789 1104 2834 rand1;
1128 2792 1199 2837 vel,
1223 2793 1338 2838 pedes
1370 2798 1456 2830 sunt
1478 2795 1637 2832 facultas
1657 2796 1748 2833 libe-

963 2834 1004 2870 ri
1027 2837 1187 2880 arbitrii,
1209 2850 1343 2877 manus
1364 2851 1453 2877 vero
1475 2845 1562 2878 sunt
1582 2845 1749 2889 potentia
