1855 3139
79 164 120 197 ‘28
575 167 786 202 sECiNDffi
824 170 977 204 PARTIS
1015 171 1151 204 CAWT
1190 173 1211 202 Y

808 291 977 329 ORATIO

127 400 284 437 Domine
309 402 397 438 Jesu
432 402 593 448 Christe,
621 403 682 449 qui
704 415 772 440 nos
793 403 1044 441 humilitatem
1069 406 1183 443 verbo
1214 410 1251 442 et
1274 409 1442 453 exemplo
1466 410 1640 455 docuisti,
1664 412 1709 447 da

83 446 174 483 mihi
194 450 235 483 ut
252 458 457 494 numquam
477 450 567 494 alta,
588 452 652 487 sed
672 462 820 498 semper
842 452 997 488 humilia
1018 453 1063 488 de
1084 464 1158 497 me,
1180 454 1292 489 corde
1311 455 1485 501 sentiam,
1505 468 1570 494 ore
1594 459 1712 504 profe-

82 504 178 539 ram,
195 498 232 530 et
247 506 360 542 opere
378 497 585 534 ostendam.
610 498 718 542 Eripe
740 509 799 534 nie
820 502 855 534 et
873 499 1018 535 custodi
1038 511 1059 536 a
1074 500 1249 547 malignis
1266 501 1472 548 spiritibus,
1494 508 1530 540 et
1551 505 1711 542 defende

83 541 130 577 ab
158 542 330 578 omnibus
362 542 521 580 inimicis
547 544 753 581 visibilibus
782 548 818 581 et
838 545 1106 592 invisibilibus;
1128 552 1164 584 et
1192 552 1329 594 praesta
1356 550 1461 594 mihi,
1484 562 1505 587 o
1540 553 1712 588 Salvator

83 598 188 624 meus
208 592 245 625 et
265 591 363 625 Deus
383 601 501 635 meus,
524 595 563 627 ut
581 592 733 638 jejuniis
754 595 791 628 et
810 593 1046 630 orationibus
1071 594 1340 631 convenienter
1359 595 1538 642 intentus,
1560 605 1712 636 cunctas

81 634 360 672 immundorum
376 637 590 683 spirituum,
601 643 637 674 et
653 650 851 685 pravorum
869 640 1063 676 hominum
1078 642 1305 678 tentationes
1320 643 1479 689 valeam,
1490 648 1526 680 te
1537 646 1710 691 juvante,

83 693 276 728 superare,
298 687 333 720 et
354 684 401 720 ab
418 685 587 721 hostibus
609 686 746 723 mentis
764 690 800 723 et
820 688 988 734 corporis
1009 699 1171 734 merear,
1190 693 1226 725 te
1248 689 1464 734 miserante,
1484 691 1654 734 liberari,
1675 698 1708 728 et

88 739 236 776 semper
255 732 379 768 salvus
398 742 489 768 esse.
513 734 646 772 Amen.

777 953 958 1000 CAPUT
989 954 1025 999 V

84 1100 133 1127 DE
157 1100 326 1129 TRIBUTO
354 1101 423 1131 PRO
444 1102 595 1130 DOMINO
625 1104 674 1130 ET
696 1104 820 1132 PETRO
843 1104 1007 1142 SOLUTO,
1032 1106 1081 1133 ET
1101 1105 1151 1132 DE
1173 1105 1403 1139 QUAESTIONE
1424 1106 1710 1137 DISCIPULORUM

611 1167 733 1197 SUPER
757 1169 1005 1199 MAJORITATE
1028 1170 1175 1199 EORUM.

357 1284 521 1320 Matthaei
541 1295 621 1333 cap.
643 1287 751 1334 XVII,
779 1288 892 1325 Marci
912 1299 994 1336 cap.
1013 1289 1059 1325 IX
1080 1293 1116 1325 et
1138 1288 1251 1326 Luc-‘n
1276 1300 1355 1336 cap.
1383 1291 1442 1327 1x.

136 1441 146 1462 1
184 1427 358 1463 CnmsTcs
397 1429 595 1463 Arosroms
623 1439 741 1464 Dexiro
769 1431 859 1465 PAs·
890 1437 896 1477 Ι
925 1440 1103 1466 sermones
1121 1433 1223 1475 istos,
1240 1431 1377 1467 scilicet
1400 1431 1464 1477 qui
1482 1435 1706 1477 sequuntur,

85 1485 214 1509 SlONEM
250 1486 291 1509 ET
331 1486 643 1510 nnsunnncrioxnu
677 1487 858 1512 rit-nmen.
927 1477 972 1513 de
1010 1488 1094 1513 mea
1133 1478 1310 1514 Passione
1345 1483 1380 1514 et
1404 1478 1705 1523 resurrectione;

81 1541 127 1546 -—
144 1523 227 1556 Post
244 1523 315 1557 haee
334 1526 452 1557 autem
470 1523 682 1558 ambulabat
700 1525 803 1559 Jesus
822 1526 861 1559 in
927 1524 1016 1569 quia
1048 1535 1178 1561 eorum
1213 1525 1424 1561 recordatio
1460 1530 1496 1561 et
1523 1525 1708 1561 memoria

83 1568 295 1603 Galilaeam:
315 1570 415 1613 quia,
436 1580 477 1603 ex
498 1568 555 1603 his
577 1580 658 1614 quae
682 1570 861 1606 Dominus

83 1618 211 1659 egerat
227 1618 263 1651 et
284 1615 428 1651 dixerat
445 1615 481 1650 in
502 1616 724 1660 Jerusalem,
744 1619 863 1653 Judaez'

84 1662 293 1706 quaerebant
313 1674 390 1698 eum
408 1663 580 1706 occidere,
597 1662 680 1699 ideo
695 1668 780 1700 ante
797 1666 862 1700 Pa-

83 1709 173 1744 scha
193 1720 263 1744 non
289 1710 428 1745 volebat
452 1711 490 1744 in
512 1711 674 1745 Jndaeam
695 1712 859 1747 ambula-

82 1766 121 1790 re
141 1768 152 1790 .·
174 1755 263 1802 quia
284 1757 452 1792 nondum
476 1757 569 1792 hora
590 1757 669 1803 ejus
691 1762 859 1803 venerat,

80 1805 117 1838 et
136 1806 177 1838 ut
196 1803 413 1839 ostenderet
433 1804 531 1848 quod
554 1804 755 1849 aliquando
773 1816 857 1850 per-

81 1849 310 1885 secutionem
347 1851 476 1895 fugere
514 1850 656 1886 licitum
684 1852 858 1888 fidelibus

82 1895 158 1932 suis
183 1900 280 1932 esset
323 1897 426 1933 Unde
450 1898 680 1941 Auqustz'nus
704 1910 711 1934 :
740 1914 757 1931 κ
779 1900 858 1934 Non

80 1942 296 1989 perdiderat
323 1947 560 1990 potestatem,
592 1945 658 1980 sed
692 1950 858 1982 nostram

81 1990 347 2026 consolabatur
385 1991 639 2036 fragilitatem.
679 1993 858 2028 Futurum

82 2036 181 2072 enim
198 2041 289 2081 erat,
308 2041 346 2073 ut
361 2038 496 2083 aliquis
511 2039 634 2074 tidelis
649 2049 688 2075 se
705 2040 859 2075 abscon-

83 2083 201 2126 deret,
219 2087 254 2119 et
273 2084 357 2119 ideo
381 2085 572 2130 praecessit
593 2086 631 2121 in
654 2086 789 2132 eapite,
812 2098 858 2122 ne

83 2132 253 2166 membra
277 2135 408 2176 postea
440 2131 667 2177 objiceretur
693 2143 759 2178 pro
787 2135 859 2168 cri-

83 2177 197 2212 mine.
228 2192 245 2209 »
274 2179 315 2213 In
352 2177 506 2214 Galilaea
534 2178 658 2224 igitur,
690 2179 728 2215 in
758 2183 859 2216 terra

82 2223 145 2260 ubi
175 2228 255 2259 erat
282 2229 483 2270 conceptus
509 2230 546 2261 et
574 2226 749 2270 nutritus,
772 2238 858 2263 con-

82 2272 302 2307 versabatur
337 2282 419 2307 cum
456 2271 647 2318 discipulis
674 2275 765 2309 suis.
795 2275 857 2318 Et,

82 2319 290 2354 secundum
306 2319 609 2363 Chrysostomurn,
625 2331 671 2356 ne
686 2320 860 2367 discipuli

85 2364 254 2400 dicerent
276 2376 284 2400 2
308 2366 386 2408 Qua
407 2366 452 2401 de
475 2376 588 2402 causa
606 2367 780 2403 continue
801 2368 860 2403 hic

87 2422 367 2456 conversamur,
392 2423 520 2448 rursus
541 2414 585 2449 de
609 2414 786 2450 Passione
807 2415 860 2451 eis

87 2457 266 2504 loquitur,
281 2462 333 2501 ut,
350 2459 455 2505 quasi
475 2460 612 2496 assueti
632 2461 731 2497 cirea
749 2472 861 2507 nego-

88 2505 181 2540 tium
220 2505 350 2541 mortis
392 2506 548 2551 Christi,
590 2508 733 2552 minus,
777 2520 861 2545 cum

87 2551 254 2595 venerit,
297 2553 651 2591 scandalizarentur.
693 2557 735 2591 Et
776 2566 862 2592 cum

89 2602 211 2635 morte
230 2609 297 2634 sua
311 2599 423 2635 etiam
438 2601 608 2646 praedixit
623 2613 727 2638 suam
742 2613 863 2638 resur-

89 2645 309 2689 rectionem,
327 2657 372 2681 ne
391 2646 428 2681 in
450 2647 627 2684 Passione
642 2650 722 2694 eJus
743 2649 863 2685 incur-

88 2696 215 2728 rerent
242 2693 555 2739 desperationem.
581 2696 697 2739 Unde,
723 2707 863 2732 conver-

88 2740 255 2775 santibus
292 2742 342 2775 eis
379 2742 418 2776 in
458 2741 634 2784 Galilaea,
661 2744 760 2778 dimit
786 2745 862 2779 illis

91 2788 195 2822 Jesus
216 2799 225 2823 ε
248 2788 372 2824 Ponite
397 2798 458 2823 vos
484 2790 522 2824 in
549 2790 715 2825 cordibus
735 2793 863 2827 vestris

927 1571 1027 1607 utilis
1055 1575 1109 1607 est
1140 1573 1259 1608 valde.
1289 1574 1405 1608 Filius
1432 1575 1526 1608 enim
1550 1574 1707 1608 hominis

925 1620 1092 1661 futurum
1122 1623 1186 1660 est,
1208 1624 1248 1655 ut
1282 1621 1467 1663 tradatur,
1490 1619 1631 1655 scilicet
1655 1631 1662 1655 :
1687 1630 1708 1655 a

928 1666 1051 1708 Patre,
1076 1676 1144 1712 per
1171 1666 1364 1702 caritatem
1393 1667 1568 1709 nimian1‚·
1597 1677 1619 1702 a
1642 1677 1709 1702 se-

927 1712 1022 1758 ipso,
1039 1723 1106 1758 per
1121 1713 1376 1749 obedientiam
1394 1714 1477 1749 volu
1486 1713 1665 1757 ntariam3
1687 1724 1709 1749 a

927 1759 1091 1804 diabolo,
1120 1771 1187 1805 per
1214 1761 1493 1807 suggestionem
1515 1761 1705 1806 iniquam;

926 1818 948 1841 a
964 1806 1071 1851 duda,
1092 1817 1159 1852 per
1178 1808 1419 1853 cupiditatem
1442 1807 1660 1849 maximam;
1684 1818 1705 1843 a

924 1853 1078 1898 Judaeis‚
1101 1864 1168 1899 per
1190 1853 1368 1890 invidiam
1389 1855 1579 1897 dolosam3
1603 1865 1625 1890 a
1645 1854 1703 1889 Pi-

926 1900 1013 1942 lato,
1032 1911 1099 1946 per
1116 1900 1466 1946 pusillanimitatem
1484 1901 1704 1937 indebitam.

925 1949 1042 1982 Filius
1068 1958 1150 1992 erqo
1172 1950 1329 1984 hominis
1357 1949 1560 1984 tradendus
1580 1953 1645 1990 est,
1668 1950 1706 1984 in

925 2004 1055 2029 manus
1086 1996 1285 2040 hominum,
1315 1995 1353 2030 id
1379 1999 1436 2031 est
1470 1995 1704 2031 diversarum

929 2040 1125 2077 nationum
1156 2041 1261 2087 quasi
1290 2041 1507 2078 humanitus
1537 2042 1705 2078 sentien-

926 2087 1034 2131 tium,
1051 2088 1191 2124 scilieet
1210 2088 1427 2124 Judaeorum
1448 2093 1485 2124 et
1505 2089 1702 2133 Gentium;

927 2138 963 2170 et
978 2134 1211 2171 diversorum
1232 2138 1410 2179 statuum,
1426 2136 1512 2181 quia
1528 2135 1704 2180 militum,

926 2192 1073 2227 regum,
1096 2181 1320 2227 principum,
1344 2183 1594 2227 sacerdotum,
1616 2183 1706 2218 reli-

926 2228 1132 2275 giosorum,
1157 2232 1194 2264 et
1217 2229 1454 2275 populorum.
1476 2232 1523 2265 Et
1545 2231 1706 2266 occident

927 2286 1005 2310 eum
1027 2289 1037 2310 :
1057 2286 1194 2322 magna
1215 2275 1393 2321 iniquitas
1415 2278 1514 2322 quod
1532 2276 1706 2312 homines

927 2323 1099 2358 occidant
1135 2323 1325 2358 hominem
1367 2324 1625 2359 salvatorem!
1662 2325 1704 2360 Et

927 2380 988 2413 ne,
1002 2369 1060 2405 his
1078 2369 1228 2414 auditis,
1243 2370 1396 2406 tristitia
1415 2372 1702 2414 absorbeantur,

927 2416 1120 2462 subJungit
1144 2428 1151 2452 ε
1174 2419 1221 2452 Et
1248 2419 1355 2452 tertia
1388 2418 1447 2452 die
1466 2421 1641 2461 resurget,
1664 2421 1705 2452 ut

926 2463 1095 2499 tristibus
1111 2464 1198 2499 laeta
1212 2464 1425 2500 succedant.
1438 2467 1485 2500 Et
1498 2466 1707 2500 contristati

925 2514 1009 2546 sunt
1042 2512 1277 2554 vehementer,
1312 2511 1399 2556 quia
1431 2512 1511 2557 eJus
1543 2511 1703 2547 societas

927 2556 979 2592 ita
999 2562 1080 2593 erat
1100 2557 1154 2593 eis
1175 2557 1294 2594 dulcis
1315 2562 1351 2593 et
1368 2562 1489 2603 grata,
1509 2558 1609 2603 quod
1630 2568 1704 2593 non

927 2608 983 2639 est
996 2605 1131 2640 mirum
1143 2604 1174 2640 si
1186 2604 1396 2641 contristati
1413 2608 1513 2649 sunt,
1527 2605 1705 2641 Passione

927 2652 1007 2697 ejus
1028 2651 1167 2687 audita.
1183 2653 1228 2687 Ut
1244 2651 1344 2687 enim
1364 2651 1415 2687 ait
1435 2654 1703 2698 Hieronymus:

930 2712 943 2730 α
972 2700 1042 2734 Pro
1064 2698 1263 2734 dilectione
1284 2699 1465 2744 Magistri,
1483 2698 1575 2734 nihil
1596 2699 1642 2735 de
1661 2709 1705 2734 eo
1746 2722 1756 2729 -

929 2745 1122 2781 sinistrum
1151 2749 1187 2782 et
1213 2745 1352 2782 humile
1381 2748 1574 2792 patiuntur
1598 2744 1706 2782 audi-

930 2802 982 2828 re.
1008 2806 1025 2824 »ν
1051 2795 1099 2829 Et
1124 2795 1332 2829 contristati
1356 2796 1442 2829 sunt
1469 2794 1705 2838 veliementer,
