1907 3139
433 181 485 214 nl«)
524 180 748 215 [inolito-SA
790 179 945 214 DOMINI
984 177 1297 213 SUSCEPTIONL.
1633 174 1688 208 175

794 281 965 318 ORATIO

103 380 257 419 Domine
281 381 371 415 Jesu
407 378 568 423 Christe,
593 376 654 423 qui
677 378 724 414 ad
752 376 975 414 Passionem
1002 377 1231 422 spontaneus
1254 373 1452 417 advenisti,
1482 373 1616 409 adveni
1643 378 1680 410 et

55 429 144 468 mibi
166 427 302 464 misero
323 437 390 472 per
412 427 573 472 gratiam
603 425 642 462 in
664 425 776 461 corde
807 436 913 470 meo;
937 428 973 461 ct
996 423 1060 470 qui
1099 434 1157 459 mc
1178 426 1269 475 tun-c
1292 420 1474 467 reparasti
1504 432 1569 473 pei·
1596 432 1679 473 eru.-

55 488 148 521 cem,
168 475 304 511 iterum
322 475 467 520 lapsum
490 485 626 520 repara
645 484 712 520 per
729 473 902 509 eamdem
920 472 1134 509 beatificam
1155 472 1384 507 Passionem.
1406 470 1558 513 Largire
1575 469 1682 520 ¹¹¹¹¹.¹¹’.

59 523 229 567 Domine,
256 526 297 558 ut
326 521 364 557 in
393 521 566 558 omnibus
593 520 845 557 humilitatem
872 525 909 556 et
943 518 1268 556 mansuetudinem
1293 516 1519 560 custodiam,
1549 526 1592 551 ac
1621 516 1683 551 [llil

58 581 210 610 carnem
229 572 266 606 et
285 568 457 616 spiritum
480 569 644 606 totaliter
662 567 875 614 subjiciam,
899 570 947 609 ct,
969 571 1009 604 ut
1027 568 1240 613 Jumentum
1260 566 1359 617 apujl
1384 567 1417 600 te
1436 565 1539 606 tiam,
1563 566 1691 616 quato-

66 630 133 657 nus
154 620 192 654 in
213 628 271 653 me
293 617 441 662 sedens,
465 619 503 653 et
522 628 579 653 me
601 616 709 663 quasi
734 616 948 663 J'uineutum
975 625 1126 659 regens,
1148 624 1246 650 uuuc
1267 614 1311 649 ad
1334 615 1475 649 llltllllffi
1496 620 1598 663 pacis
1619 621 1688 662 gu-

57 671 169 710 stum,
200 675 449 718 superuaeque
478 664 580 711 pacis
601 663 831 701 desiderium
854 663 988 708 ducas;
1012 665 1048 699 et
1068 661 1221 698 tandem
1240 661 1287 698 ad
1314 660 1484 707 ejusdem
1510 668 1614 704 paels
1636 668 1688 692 vi-

1 739 5 742 -
58 714 206 752 sionem
225 713 458 750 introducas.
480 713 616 749 Amen.

685 914 866 960 CAPUT
901 915 1065 962 XXVII

266 1051 316 1080 DE
347 1049 540 1080 GLORIOSA
559 1050 699 1079 DOMINI
729 1049 1007 1088 SUSCEPTIONE,
1038 1048 1126 1078 IPSA
1153 1048 1217 1076 DIE
1241 1048 1472 1077 PALMARUM.

127 1140 292 1177 Matthaei
311 1151 393 1188 cap.
409 1142 500 1186 XXI,
525 1140 641 1179 Marci
663 1151 743 1188 cap.
771 1142 831 1186 xl,
854 1142 962 1177 Lucae
983 1150 1065 1187 cap.
1086 1140 1179 1185 XIX,
1201 1142 1237 1174 et
1256 1137 1412 1174 Joannis
1433 1148 1514 1183 cap.
1536 1136 1610 1171 ΧΗ.

108 1271 120 1292 1
144 1257 351 1292 Tmumpnns
370 1267 548 1292 PActmcus
566 1258 711 1292 Donum.
728 1277 773 1282 —-
793 1258 840 1292 Et

57 1314 138 1339 cum
154 1304 235 1349 jam
253 1305 570 1349 appropinquaret
588 1306 699 1340 Jesus
714 1304 762 1339 ad
782 1304 840 1339 de-

57 1360 220 1386 scensum
235 1352 366 1386 montis
382 1351 574 1395 Olivetzy...
591 1353 753 1396 plurima
767 1354 840 1387 tur-

59 1398 117 1443 ba,
141 1397 180 1434 id
203 1401 259 1434 est
286 1397 392 1434 multi
421 1398 731 1434 descendentium
756 1409 841 1434 cum

57 1456 116 1489 eo,
139 1456 182 1481 ex
200 1444 334 1491 quibus
361 1445 490 1495 plures
510 1446 556 1481 de
585 1445 736 1482 Jericho
758 1446 838 1481 sue-

57 1497 142 1528 rant
163 1503 249 1528 eum
275 1492 405 1537 secuti,
421 1497 630 1528 strcwerant
650 1494 838 1528 vestimen-

57 1543 95 1576 ta
129 1550 198 1576 sua
232 1542 270 1575 in
309 1542 394 1582 υἰας
420 1541 488 1574 alii
514 1544 633 1576 autem
659 1541 841 1575 caedebant

55 1598 176 1623 ramos
196 1586 349 1631 virides,
372 1588 416 1622 de
448 1588 640 1623 arboribus
667 1587 840 1623 fructil‘e—

56 1634 123 1679 ris,
139 1634 275 1680 quibus
293 1645 401 1670 mons
421 1633 555 1671 Oliveli
571 1634 737 1670 consitus
759 1640 839 1680 est;

57 1685 91 1718 et
104 1683 314 1718 sternebant
333 1684 372 1717 in
385 1683 460 1727 via,
480 1686 520 1718 ut
541 1693 625 1718 eam
643 1686 839 1726 ornarent,

59 1732 96 1766 et
116 1740 164 1766 ne
180 1730 397 1775 jumentum
416 1729 454 1765 in
479 1729 644 1775 lapidem
671 1730 839 1765 offende-

60 1779 131 1822 ret,
152 1788 220 1812 nec
242 1777 404 1813 calcaret
423 1776 585 1822 spinam,
610 1788 678 1813 nec
698 1777 842 1812 labere·

0 1866 1 1872 ,
58 1827 120 1860 tur
156 1824 194 1859 in
229 1824 388 1859 foveam.
429 1826 536 1860 Mons
568 1824 669 1860 enim
707 1823 841 1860 Oliveti

60 1881 169 1907 mons
192 1871 409 1907 uberrimus
431 1874 501 1915 est,
522 1874 558 1907 et
580 1871 755 1914 decorus,
778 1881 841 1906 ar-

60 1919 216 1955 boribus
236 1918 382 1964 plenuS,
404 1922 440 1954 et
461 1919 622 1954 maxime
643 1918 841 1962 olivarum,

62 1976 85 2002 a
101 1967 235 2011 quibus
253 1976 363 2001 suum
385 1977 525 2002 nomen
541 1966 696 2011 accepit.
724 1966 844 2001 Tarba

64 2012 156 2049 item
177 2014 306 2057 multa,
332 2024 411 2058 quae
436 2017 583 2049 venerat
603 2014 652 2048 nd
677 2014 772 2048 diem
789 2015 844 2056 fe—

61 2064 158 2096 stum
180 2059 219 2095 in
239 2061 447 2097 Jerusalem
464 2061 509 2096 de
531 2061 705 2097 omnibus
725 2060 844 2096 tribu-

63 2108 132 2145 bus
173 2108 302 2149 lsraeI,
334 2107 423 2153 quia
450 2118 580 2144 omnes
617 2109 847 2144 tenebantur

63 2154 192 2191 venire
215 2154 253 2191 in
284 2155 492 2192 Jerusalem
520 2155 559 2191 in
588 2155 756 2202 paschali
791 2165 848 2190 so-

63 2201 277 2246 lemnitate;
295 2213 337 2238 ac
360 2205 525 2248 pueri‚ac
538 2203 847 2249 plebeculaJero-

64 2249 309 2296 solymorum,
332 2261 412 2286 cum
432 2251 622 2286 audissent
642 2252 731 2296 quia
752 2251 850 2284 venit

63 2298 166 2332 Jesus
185 2298 460 2341 Jerosolynzam,
490 2301 704 2343 acceperunt
729 2307 850 2333 ramos

66 2343 251 2381 olivarum
269 2347 306 2380 et
321 2346 544 2389 palmarum,
555 2349 588 2380 et
601 2347 852 2391 processerunt

67 2392 210 2427 obviam
231 2393 264 2427 ei
283 2394 515 2436 reverenter,
539 2403 659 2438 usque
680 2394 726 2428 ad
747 2402 850 2427 mon-

67 2442 143 2474 tem
164 2438 299 2475 Oliveti
311 2450 322 2484 3
336 2442 372 2474 et
385 2445 424 2475 ut
438 2441 581 2485 Regem
598 2451 682 2476 cum
700 2438 851 2485 hymnis

68 2489 106 2521 et
127 2485 295 2530 canticis,
318 2496 362 2522 ac
382 2486 540 2522 vestium
564 2497 717 2523 suarum
738 2491 774 2522 et
796 2497 852 2521 ra-

70 2542 219 2568 morum
246 2533 441 2578 stratione,
481 2545 523 2570 ac
551 2534 683 2570 laetitia
716 2544 853 2580 magua

71 2589 158 2615 eum
176 2579 385 2616 honorifice
407 2585 669 2626 susceperunt3
689 2585 726 2617 et
747 2583 793 2617 ab
813 2580 852 2615 il-

73 2626 109 2662 lo
129 2626 211 2662 loco
229 2637 348 2672 usque
365 2629 589 2674 Jerusalem,
606 2639 690 2665 cum
707 2626 855 2675 hymnis

75 2676 113 2709 et
134 2673 309 2710 laudibus
328 2674 577 2722 deduxerunt,
598 2683 778 2713 canentes
796 2687 804 2710 :

123 2745 262 2791 Gloria,
291 2746 372 2781 laus
398 2748 432 2782 et
457 2747 568 2784 honor
594 2748 663 2783 tibi
688 2750 751 2793 sit,
778 2749 855 2783 Rem

450 2793 605 2839 [Christe
626 2796 852 2841 Redemptor.

907 1257 1012 1301 Quod
1024 1256 1150 1294 divina
1165 1255 1447 1303 dispensatione
1462 1256 1600 1291 sactum
1616 1260 1686 1299 cst,

906 1305 954 1341 ad
995 1305 1273 1351 designandum
1316 1303 1535 1348 victoriam,
1577 1313 1690 1349 qum-u

907 1353 1075 1388 Christus
1116 1352 1298 1388 Dominus
1338 1354 1418 1387 erat
1452 1351 1490 1386 in
1524 1350 1690 1396 proximo

907 1400 1117 1444 habiturus,
1129 1410 1204 1445 qua
1219 1402 1300 1435 erat
1319 1398 1515 1434 moriendo
1530 1401 1690 1433 mortem

908 1450 1167 1493 superaturus,
1206 1449 1242 1482 et
1269 1448 1441 1492 trophaeo
1476 1445 1612 1485 crucis,
1647 1445 1693 1480 de

909 1494 1058 1530 diabolo
1082 1493 1214 1529 mortis
1238 1492 1409 1539 principe
1437 1491 1693 1538 triumphatu-

908 1552 987 1577 rus.
1015 1542 1101 1576 Haec
1128 1539 1317 1587 proemio
1348 1539 1386 1575 in
1422 1550 1510 1575 arca
1538 1539 1692 1576 foederis

908 1588 1151 1635 praefigurata
1172 1588 1252 1632 fuit,
1275 1597 1387 1633 quam
1419 1587 1536 1623 David
1562 1587 1600 1622 in
1624 1587 1692 1632 ju-

908 1635 985 1672 bilo
1012 1635 1177 1672 deduxit.
1206 1636 1292 1670 pou
1326 1637 1506 1670 Lazarum
1541 1635 1695 1671 suscita-

908 1687 1002 1727 tum,
1024 1686 1061 1719 et
1080 1686 1314 1728 unguentum
1342 1692 1454 1728 super
1475 1686 1586 1727 caput
1604 1684 1690 1718 Jesu

911 1731 1084 1773 effusum,
1105 1731 1222 1766 odore
1241 1733 1349 1765 t'amae
1364 1729 1533 1775 ejusjam
1552 1741 1696 1776 resper-

911 1788 951 1813 so
972 1777 1009 1813 in
1024 1780 1161 1823 populo
1186 1788 1250 1823 per
1268 1776 1480 1820 circuitum,
1494 1778 1696 1822 praesciens

911 1824 991 1870 ipse
1029 1826 1177 1861 turbam
1200 1823 1351 1860 obviam
1379 1823 1450 1860 sibi
1483 1828 1694 1869 venturam,

912 1872 1083 1907 aseendit
1106 1872 1278 1916 asellum,
1306 1874 1346 1906 ut
1371 1870 1473 1906 inter
1494 1872 1697 1917 applausus

882 1937 889 1947 ι
913 1919 1191 1954 occurrentium
1211 1919 1439 1964 populorum
1466 1929 1570 1954 mirae
1592 1929 1697 1965 prae-

913 1968 1019 2002 beret
1064 1965 1286 2001 humilitatis
1327 1966 1553 2011 evemplum.
1596 1968 1700 2002 Inter

913 2013 986 2049 alia
1008 2012 1147 2059 quippe
1165 2012 1302 2048 Christi
1325 2011 1509 2049 miracula
1536 2013 1697 2050 maxime

915 2060 1139 2096 miraculum
1179 2060 1350 2096 auditum
1388 2060 1433 2096 de
1478 2062 1616 2097 Lazaro
1650 2061 1699 2097 ad

915 2109 1012 2143 hanc
1040 2107 1279 2143 devotionem
1304 2110 1340 2143 et
1361 2107 1612 2144 honorificam
1631 2109 1696 2144 ob-

916 2154 1122 2191 viationem
1152 2166 1217 2191 eos
1253 2155 1476 2200 commovit3
1510 2155 1611 2201 quia,
1646 2166 1702 2192 se-

917 2203 1083 2238 cundum
1116 2202 1368 2247 Auqustinum
1391 2229 1401 2247 ,
1440 2202 1540 2238 inter
1575 2202 1703 2239 omnia

918 2249 1114 2290 miracula,
1143 2260 1227 2297 quae
1256 2249 1344 2285 fecit
1371 2249 1551 2286 Dominus
1573 2254 1704 2286 noster

916 2299 1026 2333 Jesus
1059 2296 1243 2336 Christus.
1283 2297 1412 2333 Lazari
1462 2297 1701 2334 resuscitatio

918 2344 1107 2390 praecipue
1122 2344 1365 2390 praedicatur.
1387 2345 1492 2380 Istud
1510 2347 1611 2380 enim
1630 2344 1704 2381 evi-

920 2391 1070 2427 dentius
1091 2395 1127 2427 et
1146 2391 1358 2428 mirabilius
1380 2391 1531 2438 signum
1546 2396 1646 2436 erat;
1667 2394 1703 2428 et

920 2439 1004 2475 ideo
1027 2438 1158 2474 ultimo
1180 2439 1303 2485 ipsum
1326 2439 1544 2484 reservavit,
1566 2443 1607 2475 ut
1626 2449 1701 2475 ma·
1752 2470 1757 2477 .

921 2485 978 2532 gis
1016 2496 1148 2522 eorum
1180 2486 1375 2522 memoriae
1410 2486 1702 2532 imprimeretur.

922 2532 1111 2569 Miraculis
1133 2544 1222 2579 ergo
1248 2534 1511 2578 trahebantur,
1534 2533 1596 2580 qui
1621 2544 1704 2569 ver-

922 2579 979 2616 bis
1006 2591 1082 2616 non
1107 2582 1370 2617 movebantur.
1401 2581 1468 2617 Ubi
1495 2581 1666 2625 Origenes
1697 2592 1704 2616 :

925 2640 942 2661 «
981 2628 1144 2664 Pulchre
1182 2632 1308 2664 autem
1334 2629 1481 2675 turbaS,
1509 2628 1708 2664 laudantes

924 2675 1056 2720 Deum,
1082 2675 1130 2711 ad
1165 2675 1454 2711 descensionem
1487 2675 1624 2711 montis
1645 2686 1707 2710 oc-

924 2721 1085 2758 currisse
1105 2723 1253 2759 Christo
1275 2722 1448 2769 legimus,
1466 2726 1507 2758 ut
1529 2726 1705 2768 operato-

923 2779 1003 2805 rem
1027 2770 1191 2815 mysterii
1216 2769 1422 2816 spiritualis
1449 2769 1705 2815 significarent

925 2816 995 2853 sibi
1017 2818 1162 2854 venisse
1184 2817 1230 2853 de
1251 2818 1360 2854 coelo.
1386 2830 1403 2850 »
1425 2818 1491 2852 Ubi
1515 2819 1551 2852 et
1569 2817 1667 2852 Beda
1693 2829 1701 2852 .-
