1907 3139
143 175 205 208 342
631 176 834 212 SECUNDAE
870 178 1024 213 PARTIS
1062 180 1198 215 CAPUT
1236 182 1287 216 LV

145 247 267 291 potes,
288 244 437 280 dimitte
466 246 604 282 ²Ioanni
627 250 772 293 pectus,
794 247 857 284 ubi
879 259 918 284 se

144 301 228 328 cum
253 289 337 326 vino
361 290 502 328 laetitiae
524 291 563 329 in
589 293 796 331 divinitatis
823 294 931 340 cog—'

143 337 286 374 nitione
308 336 489 384 inebriat;
511 343 552 376 tu
580 351 736 377 currens
770 343 816 378 ad
846 343 915 377 hu-

144 386 338 422 manitatis
354 386 483 431 ubera,
504 387 563 423 lac
580 387 744 434 exprime
762 399 835 434 quo
853 400 918 423 nu-

145 431 273 468 triaris
304 444 313 468 :
345 445 363 466 ))
394 433 475 469 haec
503 434 713 470 Anseemus.
738 435 919 481 Conspice

145 478 259 516 etiam
290 478 385 515 alios
411 479 613 526 discipulos
640 482 796 517 multum
816 492 918 518 moe—

141 525 285 570 stos,ad
305 526 523 571 praedictam
535 539 664 564 vocem
682 528 831 564 Domini
844 540 918 565 non

142 573 383 609 comedentes
403 584 561 619 seseque
590 574 749 611 invicem
782 576 917 622 aspici-

143 623 264 664 entes,
287 623 325 656 et
342 631 455 667 super
475 622 534 657 his
559 621 761 658 consilium
782 633 918 669 capere

136 666 375 712 nescientes.

190 717 212 751 8
229 716 389 751 Accam-A
407 726 598 758 nuceam,
615 716 916 751 Saramsmrnu

145 772 183 797 m
202 762 335 798 JUDAM.
359 780 404 787 —
429 762 521 797 Cum
541 772 630 807 ergo
651 764 762 799 Jesus
782 773 918 808 panem

144 807 344 844 intinctum
363 808 470 844 Judae
483 808 658 853 dedisset,
679 813 760 853 post
778 810 916 845 buccel-

144 855 233 898 lam,
259 865 325 900 per
351 865 462 900 quam
489 866 527 890 se
554 855 647 891 vidit
665 856 916 903 designatum,

142 903 297 937 intravit
317 904 356 937 in
371 912 449 937 eum
470 903 642 943 Satanas,
654 914 728 939 non
743 907 832 939 tunc
845 903 918 950 pri-

146 958 208 984 mo
236 951 273 984 et
302 948 348 985 de
375 959 485 993 novo,
509 960 593 985 cum
628 950 707 996 jam
730 951 917 986 Christum

144 994 250 1041 prius
285 995 527 1039 vendidisset,
562 996 627 1031 sed
660 997 708 1032 ad
741 997 916 1042 amplius,

144 1041 247 1088 quasi
267 1041 462 1087 proprium
483 1053 525 1078 ac
548 1042 618 1078 sibi
637 1043 716 1088 jam
736 1044 917 1080 traditum

144 1088 291 1134 plenius
306 1088 590 1134 possidendum,
608 1092 643 1124 et
657 1101 734 1126 suae
747 1091 918 1127 servituti

144 1135 435 1181 subjugandum,
454 1139 490 1171 et
506 1137 553 1172 ad
575 1147 820 1183 quaecumque
838 1138 917 1174 vel-

148 1182 198 1218 let
216 1182 327 1218 noxia
347 1183 794 1228 agendatrahendum,in
807 1196 918 1231 quem

148 1232 235 1265 ante
271 1228 506 1274 introiverat,
532 1229 637 1275 quasi
662 1231 842 1276 alienum,
871 1233 918 1268 ad

145 1276 366 1312 tentandum
389 1279 426 1312 et
457 1276 732 1323 decipiendum.
762 1280 918 1315 Intravit

146 1324 185 1360 in
210 1333 310 1367 eum,
330 1326 371 1359 ut
389 1326 511 1359 totum
529 1335 616 1360 eum
643 1329 855 1371 occuparet,
883 1330 920 1362 et

146 1380 257 1417 quem
280 1369 453 1416 malignis
469 1371 756 1417 cogitationibus
775 1373 917 1419 obliga-

145 1421 217 1461 ret,
232 1417 311 1463 jam
328 1416 409 1463 ipso
431 1417 634 1463 impietatis
655 1430 768 1465 opere
795 1420 917 1465 possi-

146 1464 265 1500 deret.
299 1465 473 1509 Ingratus
506 1465 606 1501 enim
644 1466 917 1503 beneficiorum

147 1510 296 1554 Christi,
317 1511 436 1546 sactus
451 1514 505 1547 est
522 1512 558 1547 in
574 1516 760 1558 potestate
781 1514 920 1550 daemo-

145 1557 204 1593 nis
224 1557 343 1603 magis
364 1569 475 1603 quam
491 1563 596 1602 ante;
618 1561 713 1596 sicut
735 1561 916 1606 Apostoli,

147 1605 210 1650 qui
226 1605 306 1650 ¹jam
325 1610 408 1650 post
429 1606 742 1642 resurrectionem
761 1618 916 1653 accepe-

146 1655 232 1687 rant
242 1651 419 1697 Spiritum
431 1653 841 1697 Sanctum,insiisssante
852 1656 920 1690 Do-

146 1697 264 1741 mino,
279 1702 406 1744 postea
424 1698 558 1734 iterum
572 1699 690 1746 ipsum
704 1702 847 1746 plenius
861 1712 919 1737 ac·

146 1748 326 1790 ceperunt
345 1744 384 1780 in
404 1744 464 1780 die
488 1747 742 1783 Pentecostes.
761 1748 828 1783 Ubi
851 1748 919 1783 sci-

145 1791 286 1827 endum
313 1792 412 1837 quod
436 1794 611 1828 Satanam
636 1793 776 1830 intrare
798 1795 918 1830 bomi-

146 1848 246 1882 nem,
269 1842 388 1884 potest
408 1839 607 1885 dupliciter
629 1841 783 1886 intelligi
803 1854 810 1877 :
831 1842 919 1887 quia

147 1885 205 1921 vel
224 1885 368 1921 intrare
400 1885 437 1921 in
468 1897 602 1933 corpus
621 1888 798 1932 hominis,
821 1890 919 1925 sicut

146 1934 248 1978 patet
268 1931 304 1967 in
325 1932 565 1969 daemoniacis
584 1937 621 1970 et
640 1934 691 1969 sic
712 1940 835 1981 potest
857 1947 915 1972 es-

147 1979 356 2015 sentialiter
382 1978 523 2016 intrare
545 1980 582 2016 in
608 1981 823 2025 hominem,-
846 1984 918 2027 vel,

146 2025 288 2062 intrare
325 2027 362 2061 in
397 2031 579 2071 mentem,
603 2027 656 2064 ita
676 2030 775 2074 quod
801 2031 917 2066 menti

146 2072 397 2108 essentialiter
428 2073 619 2118 illabatur,
647 2075 759 2111 etsie
794 2077 918 2113 nullus

146 2123 268 2165 potest
290 2119 432 2155 intrare
454 2119 491 2155 in
513 2121 702 2157 hominem
726 2123 794 2158 nisi
817 2124 918 2160 solus

147 2167 259 2202 Deus.
281 2166 415 2202 Anima
434 2167 532 2203 enim
547 2168 743 2205 rationalis
759 2181 833 2206 non
849 2172 916 2206 ha-

146 2214 209 2249 bet
243 2212 494 2249 dimensiones
531 2215 750 2260 quantitatis
781 2221 821 2252 ut
841 2218 917 2253 ali—

147 2260 237 2305 quid
256 2259 296 2295 in
322 2271 367 2296 ea
397 2271 478 2296 esse
507 2261 664 2306 dicatur,
687 2263 792 2308 quasi
819 2264 917 2301 infra

146 2306 401 2343 dimensiones
431 2308 512 2353 eJus
547 2312 778 2355 contentum,
807 2313 916 2347 etsie

145 2352 238 2389 nihil
250 2355 374 2399 potest
386 2353 424 2389 in
441 2365 485 2390 ea
497 2366 594 2399 esse,
606 2356 676 2391 nisi
693 2359 792 2402 quod
804 2357 835 2394 ei
851 2359 914 2394 dat

146 2400 352 2445 esse,quod
372 2404 428 2436 est
444 2401 495 2437 ibi
516 2412 581 2447 per
594 2402 771 2440 virtutem
790 2415 909 2450 suam;

146 2446 209 2483 ubi
237 2450 362 2482 autem
396 2451 453 2483 est
485 2448 602 2484 virtus
623 2449 702 2493 Dei,
724 2450 774 2486 ibi
806 2456 860 2488 est
880 2456 917 2488 et

145 2493 306 2530 essentia
327 2493 406 2537 Dei,
427 2494 463 2529 in
498 2497 573 2531 Deo
595 2497 695 2532 enim
731 2497 830 2534 idem
860 2502 917 2535 est

149 2540 268 2576 virtus
288 2544 324 2576 et
339 2541 554 2585 essentia,et
573 2542 656 2578 ideo
677 2545 772 2580 Deus
787 2556 914 2582 essen-

146 2586 286 2623 tialiter
301 2591 357 2623 est
379 2586 417 2623 in
437 2587 576 2633 anima,
599 2591 705 2636 cujus
725 2592 839 2627 solius
861 2596 917 2629 est

148 2633 304 2680 implere
317 2639 504 2679 naturam,
520 2636 596 2671 sive
612 2638 856 2674 substantiam
868 2641 915 2676 ab

149 2691 192 2717 eo
215 2684 392 2717 creatam.
420 2681 562 2718 Dicitur
587 2686 711 2719 tamen
738 2686 849 2721 Satan
870 2686 914 2721 il-

148 2727 221 2764 labi
247 2727 361 2764 menti
387 2729 574 2774 humanae,
597 2739 663 2776 per
683 2732 858 2768 affectum
879 2738 916 2770 et

147 2775 496 2823 effectummalitiae,
520 2777 660 2815 scilieet
677 2777 716 2816 in
732 2783 912 2826 quantum
953 2794 956 2824 ι

990 249 1104 286 homo
1118 251 1164 287 ab
1179 263 1223 288 eo
1236 253 1413 290 seductus
1432 256 1601 301 sequitur
1614 267 1700 294 eum
1715 258 1762 295 ad

990 299 1285 342 perpetrandum
1301 301 1440 338 matum
1454 303 1553 348 quod
1574 304 1761 350 suggerit3

991 344 1092 380 etsie
1108 355 1175 391 per
1191 347 1469 385 fraudulentam
1487 350 1762 397 deceptionem,

992 393 1028 426 et
1059 392 1241 430 malitiam
1279 395 1450 432 habitare
1486 397 1623 433 dicitur
1653 398 1692 434 in
1719 410 1762 435 eo

991 448 1103 481 quem
1123 439 1265 486 implet.
1287 443 1407 478 Ethoc
1423 445 1532 480 modo
1552 444 1706 481 intravit
1721 445 1759 482 in

990 486 1139 531 Judam,
1162 491 1202 523 ut
1236 488 1384 534 plenius
1405 490 1628 536 possideret,
1653 495 1690 528 et
1718 494 1765 529 ad

990 535 1282 579 perpetrandum
1317 537 1455 572 malum
1490 537 1700 583 induceret,
1723 539 1762 576 in

992 581 1096 626 cujus
1119 592 1184 617 cor
1202 581 1303 628 prius
1322 582 1476 619 miserat
1496 589 1537 620 ut
1557 585 1762 631 deciperet,

992 631 1029 663 et
1045 629 1090 663 ad
1112 629 1358 674 praebendum
1378 641 1575 667 assensum
1595 633 1692 668 malo
1709 632 1764 668 in-

992 674 1158 711 duceret.
1180 676 1209 711 A
1229 675 1355 720 simili,
1378 679 1527 723 quando
1547 679 1684 715 ostium
1709 682 1764 716 est

992 721 1044 756 ita
1064 722 1173 763 forte,
1199 724 1296 768 quod
1334 724 1428 760 latro
1462 736 1531 761 nec
1562 725 1761 771 violenter,

993 779 1061 804 nec
1077 770 1235 806 latenter
1248 773 1369 816 potest
1380 771 1535 815 intrare,
1547 776 1636 809 tunc
1649 784 1764 819 quan-

992 816 1667 865 doquelatrunculumperfenestram
1679 821 1764 857 sub-

992 863 1119 905 mittit,
1143 864 1207 909 qui
1228 868 1359 910 postea
1380 866 1764 911 ostiumlatroniape-

991 910 1054 953 rit,
1078 916 1114 946 et
1134 912 1187 947 sic
1206 911 1300 948 latro
1323 912 1450 949 intrat.
1472 915 1581 950 Latro
1603 917 1658 950 est
1681 914 1765 950 dia-

991 957 1116 1002 bolus;
1141 959 1274 995 domus
1294 960 1398 995 fortis
1421 964 1475 997 est
1495 962 1686 1006 voluntas3
1710 962 1763 997 la-

990 1006 1188 1042 trunculus
1203 1017 1306 1050 vero,
1322 1008 1421 1044 mala
1435 1008 1612 1052 cogitatio
1626 1009 1684 1045 vel
1704 1009 1766 1045 de-

992 1051 1154 1088 lectatio.
1171 1054 1329 1096 Quando
1347 1065 1436 1101 ergo
1452 1055 1623 1091 diabolus
1641 1059 1767 1102 potest

992 1099 1132 1135 intrare
1159 1110 1226 1146 per
1246 1100 1413 1147 aliquam
1435 1104 1762 1148 complacentiam,

992 1146 1052 1181 hic
1073 1147 1194 1192 aperit
1229 1148 1364 1184 ostium
1396 1160 1622 1193 consensus3
1652 1150 1766 1186 etsie

994 1194 1161 1229 diabolus
1198 1194 1328 1238 intrat,
1356 1199 1392 1231 et
1428 1197 1562 1242 spoliat
1600 1196 1765 1233 animam

992 1240 1101 1276 bonis
1126 1241 1214 1277 suis.
1239 1242 1343 1279 Unde
1363 1245 1533 1286 Ormenes
1553 1256 1563 1278 ι
1584 1257 1601 1276 (ι
1622 1244 1764 1279 Caven-

993 1288 1081 1323 dum
1111 1289 1220 1324 nobis
1247 1292 1317 1332 est,
1339 1301 1385 1326 ne
1406 1290 1576 1327 diabolus
1596 1290 1766 1327 intrudat

992 1335 1030 1371 in
1048 1346 1112 1371 cor
1131 1339 1300 1371 nostrum
1323 1337 1463 1383 aliquid
1483 1337 1688 1380 ignitorum
1708 1340 1760 1374 te-

992 1383 1114 1418 lorum
1149 1394 1315 1426 suorum,
1339 1395 1423 1420 nam
1443 1384 1472 1419 si
1500 1384 1764 1430 introduxerit,

991 1430 1186 1466 insidi-itur
1200 1430 1394 1475 deinde,ut
1409 1438 1444 1468 et
1462 1432 1540 1478 ipse
1552 1431 1727 1468 introeat.
1743 1446 1762 1464 »

994 1480 1035 1514 ln
1056 1479 1126 1513 boc
1147 1481 1272 1514 autem
1295 1479 1394 1524 quod
1418 1479 1583 1515 buccella
1601 1482 1762 1524 sumpta,

993 1526 1153 1569 amplius
1179 1524 1347 1560 introivit
1370 1527 1526 1562 Satanas
1547 1526 1586 1562 in
1610 1527 1762 1570 Judam,

992 1573 1182 1620 perpende
1204 1577 1387 1619 quantum
1412 1579 1467 1609 est
1488 1573 1629 1609 malum
1652 1583 1762 1609 com-

994 1622 1195 1656 mensalem
1231 1620 1388 1665 alicujus
1415 1626 1497 1666 post
1523 1631 1605 1656 csse
1628 1619 1762 1667 ingra-

993 1673 1085 1710 tum,
1106 1671 1144 1708 ,et
1171 1666 1343 1703 beneficii
1371 1667 1644 1703 immemorem.

1040 1731 1059 1761 9
1072 1716 1261 1749 Picnuissio
1273 1726 1461 1750 PRODITORl
1474 1726 1565 1750 DATA
1579 1725 1764 1754 IPSIUSQUE

992 1773 1181 1798 EGRESSUS.
1203 1782 1246 1787 —
1269 1761 1410 1798 Deinde
1433 1761 1582 1807 ponitur
1604 1760 1765 1806 prodito-

991 1812 1043 1845 ris
1068 1808 1275 1853 permissio,
1297 1820 1369 1845 non
1392 1811 1493 1845 enim
1522 1812 1670 1855 poterat
1693 1807 1763 1845 ali-

993 1858 1081 1902 quid
1103 1856 1319 1899 sacere,nisi
1337 1857 1483 1893 Christo
1505 1858 1760 1902 permittente.

992 1907 1038 1940 Et
1058 1905 1140 1940 ideo
1161 1904 1259 1938 dimit
1280 1906 1426 1939 ez‘Jesus
1441 1904 1562 1946 :Quod
1576 1902 1763 1946 fcicis‚sci-

992 1952 1078 1987 licet
1102 1951 1308 1991 voluntate,
1330 1953 1403 1994 fac,
1429 1951 1464 1986 id
1486 1954 1540 1986 est
1564 1951 1690 1994 facies,
1710 1951 1761 2002 σξ-

993 2002 1079 2034 tius.
1102 2000 1145 2034 Et
1165 1998 1261 2034 bene
1282 1998 1371 2034 dicit
1393 2009 1401 2033 ε
1422 1998 1523 2041 Quod
1543 1999 1652 2041 facis,
1674 2007 1764 2042 quia

992 2045 1193 2082 voluntatis
1228 2046 1371 2081 crimen
1399 2055 1466 2091 pro
1494 2045 1592 2080 facto
1613 2047 1761 2088 reputa-

992 2097 1065 2129 tur.
1087 2094 1252 2129 Festinat
1278 2092 1456 2128 Dominus
1479 2091 1518 2127 in
1540 2092 1683 2127 bonum
1702 2101 1761 2126 sa-

991 2140 1092 2185 lutis,
1116 2140 1282 2175 fidelium
1307 2139 1406 2185 quod
1426 2139 1542 2175 Judas
1571 2141 1760 2183 operatur,

990 2188 1055 2223 sed
1078 2198 1152 2223 non
1173 2187 1257 2223 sibi.
1285 2187 1389 2222 Multi
1410 2186 1548 2232 quippe
1562 2186 1703 2237 honum
1721 2190 1762 2237 ut

989 2234 1105 2270 Judas
1126 2233 1289 2277 t'aciunt3
1311 2234 1375 2269 sed
1409 2235 1560 2269 omnino
1590 2232 1683 2267 nihil
1697 2242 1762 2284 ‘eis

990 2282 1152 2327 proficit,
1182 2282 1270 2326 quia
1296 2282 1435 2317 bonum
1457 2281 1578 2316 facere
1599 2289 1675 2331 non
1695 2289 1761 2313 in-

990 2329 1161 2364 tendunt.
1184 2329 1263 2363 Non
1284 2332 1412 2363 tamen
1433 2326 1610 2362 Dominus
1629 2325 1761 2372 impel-

990 2375 1033 2410 lit
1049 2376 1184 2411 Judam
1202 2376 1248 2411 ad
1266 2374 1488 2421 proditionis
1504 2374 1650 2419 culpam
1666 2384 1674 2416 ;
1696 2372 1762 2409 sed

990 2422 1155 2458 ostendit
1184 2433 1224 2458 se
1258 2421 1362 2458 sitire
1392 2422 1549 2458 salutem
1578 2424 1761 2457 nostram.

991 2470 1094 2505 Unde
1109 2480 1184 2505 non
1208 2469 1297 2504 dicit
1320 2469 1403 2511 hoc,
1424 2467 1677 2514 praecipiendo
1697 2468 1761 2503 sa-

990 2515 1108 2557 cinus,
1138 2517 1195 2552 vel
1225 2516 1473 2559 consulendo,
1507 2515 1593 2561 quia
1621 2525 1760 2562 praece-

990 2566 1093 2609 ptum
1109 2563 1356 2607 divinum,vel
1369 2562 1664 2605 consiliun1,non
1680 2566 1758 2607 pot-

989 2614 1046 2646 est
1066 2621 1146 2646 esse
1169 2611 1213 2646 de
1231 2609 1399 2646 faciendo
1416 2609 1577 2654 malum;
1599 2609 1664 2644 sed
1678 2614 1757 2645 tan-

988 2662 1066 2692 tum
1079 2657 1317 2703 praedicendo
1339 2660 1373 2691 et
1392 2656 1756 2702 permittendo,dans

988 2703 1021 2739 ei
1043 2703 1081 2739 in
1107 2714 1147 2740 se
1179 2707 1415 2751 potestatem,
1436 2704 1524 2749 quia
1557 2703 1649 2739 vidit
1678 2704 1758 2749 ejus

988 2750 1156 2787 animum
1172 2762 1248 2797 prae
1268 2750 1383 2787 nimio
1399 2750 1584 2787 desiderio
1598 2750 1755 2797 implen-

987 2798 1025 2835 di
1049 2798 1148 2844 quod
1186 2802 1351 2846 coeperat
1389 2799 1652 2846 acceleratum,
1679 2809 1754 2836 non
