1855 3139
312 222 361 255 DE
399 221 588 255 TRIBUTO
625 220 706 254 PRO
747 220 912 254 DOMINO
950 220 1000 253 ET
1038 219 1176 253 PETRO
1216 220 1403 261 SOLUTO,
1442 223 1532 256 ETC.
1710 223 1748 255 35

115 289 893 335 omueslidelcssequunturChristum,per

114 337 308 383 religionis
328 337 559 383 ingressum3
584 340 708 373 tamen
726 336 764 372 in
786 338 892 373 Chri-

116 389 213 421 stum
223 385 412 427 credebat,
424 388 459 421 et
471 385 554 420 ideo
568 384 704 421 dicitur
716 395 796 420 esse
808 396 892 420 cum

116 432 182 477 eis,
194 436 231 468 et
249 443 322 468 non
339 437 483 468 contra:
497 432 585 478 quia
600 443 737 468 nomen
756 432 892 467 Christi

114 491 192 516 non
228 481 525 526 blasphemabat,
551 484 593 516 ut
629 480 764 523 Judaei,
800 490 893 525 quos

115 527 206 564 dixit
227 531 357 563 contra
375 539 413 564 se
428 539 520 564 esse.
538 529 594 571 Et,
608 531 649 563 ut
671 527 723 563 ait
742 528 894 563 Ambro-

114 578 191 612 sius
213 589 223 611 :
248 589 265 609 «
286 577 367 611 Non
394 575 687 622 reprehenditur
711 577 892 620 Joannes‚

116 624 205 670 quia
215 635 257 660 ex
271 633 399 659 amore
413 623 590 666 faciebam
606 634 692 659 nam
705 623 895 669 praecipua

116 671 315 708 devotione
345 671 504 717 diligens
539 673 669 715 Deum,
692 673 730 706 et
763 682 785 707 a
816 673 893 707 Deo

116 718 288 764 dilectus,
323 718 466 764 putavit
500 730 585 755 eum
619 718 894 755 excludendum

116 778 197 803 esse
217 777 239 802 a
257 767 440 803 beneficio
462 765 657 813 ejectionis
677 766 894 802 daemonum

115 817 152 851 et
166 813 396 860 hujusmodi,
408 814 471 860 qui
484 825 559 849 non
575 814 750 850 utebatur
769 813 894 850 officio

115 862 378 908 discipulatus,
418 865 455 897 et
492 861 672 907 obsequio
714 861 891 907 sequendi

115 909 317 946 Christum.
355 910 426 945 Sed
462 910 616 945 docetur
654 908 894 944 infirmorum

116 968 211 1001 esse,
232 958 506 1003 firmorumque
538 956 771 999 distantiam,
808 956 894 1002 quia

116 1005 300 1040 Dominus
311 1004 379 1040 etsi
392 1012 606 1041 remuneret
619 1005 806 1047 fortioreS,
817 1014 894 1040 non

115 1055 243 1088 tamen
259 1053 422 1089 excludit
437 1052 628 1097 infirmos3
650 1056 687 1088 et
703 1052 895 1088 neminem

115 1110 138 1136 a
172 1100 285 1145 bono,
308 1101 409 1146 quod
443 1111 486 1137 ex
521 1104 626 1146 parte
658 1101 788 1145 habet,
811 1110 894 1136 esse

115 1148 334 1193 arcendum,
356 1148 419 1184 sed
453 1149 499 1185 ad
533 1149 603 1184 hoc
638 1148 761 1194 potius
794 1147 895 1194 quod

115 1195 284 1231 nondum
306 1197 434 1241 habet,
454 1206 534 1232 esse
551 1195 836 1242 provocandum
857 1198 896 1232 et

116 1242 351 1280 invitandum
369 1255 376 1279 :
396 1257 413 1278 »
436 1245 516 1280 haec
534 1245 764 1280 Ambrosius.
787 1243 895 1280 Tales

118 1291 230 1328 etiam
252 1292 298 1328 ob
317 1292 475 1328 salutem
493 1291 717 1328 admittendi
741 1302 895 1328 censen-

117 1341 177 1375 tur
197 1339 373 1383 aliorum,
394 1343 430 1375 et
446 1351 523 1375 non
540 1343 618 1375 tam
638 1343 793 1385 propter
810 1339 893 1375 illos

118 1397 231 1432 quam
251 1391 404 1433 propter
423 1387 586 1423 aliorum
615 1386 814 1423 utilitatem
839 1391 896 1423 est

116 1434 377 1481 gaudendum3
402 1434 490 1480 quia
510 1435 609 1479 licet,
633 1434 702 1471 sibi
729 1434 894 1481 quando-

118 1492 190 1528 que
209 1486 385 1526 noceant,
420 1481 548 1518 multis
567 1485 694 1519 tamen
714 1483 752 1517 in
771 1482 896 1518 Eccle-

119 1529 175 1566 sia
191 1534 364 1576 prosunt.
383 1530 488 1566 Unde
501 1530 553 1565 sic
568 1530 619 1566 ait
639 1531 758 1566 Beda:
785 1542 802 1563 «
817 1530 893 1565 Hac

118 1577 251 1613 doctus
271 1578 457 1614 sententia
475 1577 564 1614 dicit
583 1578 804 1624 Apostolus:
823 1578 895 1614 Sed

116 1627 193 1661 sive
200 1627 397 1666 occasione,
407 1627 441 1661 si
447 1637 486 1662 re
497 1628 646 1662 veritate
658 1625 822 1663 Christus
833 1636 895 1661 an-

117 1675 320 1715 nuntietur,
335 1677 368 1709 et
382 1675 420 1708 in
435 1675 500 1709 hoc
511 1674 664 1718 qazcdeo,
680 1674 743 1709 sed
761 1677 793 1709 et
807 1684 897 1717 qau-

118 1721 219 1756 debo.
244 1723 373 1767 Itaque
400 1720 438 1757 in
458 1721 647 1757 haereticis
666 1724 703 1757 et
723 1720 763 1756 in
785 1720 895 1757 malis

118 1768 314 1804 catholicis
325 1779 399 1804 non
409 1772 646 1805 sacramenta
664 1768 894 1812 communia,

118 1815 157 1852 in
172 1816 308 1862 quihus
323 1816 519 1853 nobiscum
533 1821 633 1860 sunt,
647 1820 683 1852 et
697 1817 896 1852 adversum

120 1874 189 1900 nos
206 1875 282 1900 non
307 1867 408 1908 sunt,
430 1864 499 1900 etsi
522 1863 724 1900 Dominum
747 1874 821 1900 non
842 1874 897 1899 se-

121 1914 286 1957 quuntur
308 1911 521 1958 nobiscum,
543 1910 722 1949 detestari
745 1914 783 1948 et
800 1922 897 1958 pro—

928 289 934 299 ”
967 290 1100 325 hibere
1118 288 1323 325 debemus:
1340 304 1357 322 »
1382 291 1462 326 liaec
1479 294 1589 328 Beda.
1607 295 1649 328 Et
1671 303 1745 328 non

968 337 1088 373 solum
1102 336 1188 372 talis
1208 337 1342 383 ejectio
1361 338 1576 375 daemonum
1596 340 1683 376 facit
1699 339 1746 375 ad

968 384 1265 420 declarationem
1301 384 1451 421 virtutis
1487 387 1645 431 Christi;
1683 387 1750 423 sed

968 432 1096 476 etiam,
1108 432 1390 479 quiabeneficia
1401 432 1614 469 divinanon
1630 434 1749 470 solum

968 480 1107 516 dantur
1136 491 1203 526 per
1227 481 1406 526 majores,
1430 481 1496 516 sed
1531 481 1644 517 etiam
1675 481 1750 517 ali-

968 528 1119 573 quando
1148 538 1215 574 per
1243 528 1409 564 minores
1434 534 1471 564 et
1492 528 1748 575 imperfectos,

968 581 1009 612 ut
1044 575 1083 611 in
1122 576 1194 611 hoc
1228 574 1343 611 etiam
1378 576 1595 612 declaretur
1630 574 1751 611 virtus

968 621 1133 660 nominis
1154 623 1306 667 Christi,
1330 634 1413 669 quae
1439 634 1507 670 per
1530 634 1690 669 magnos
1716 625 1753 659 et

968 681 1105 717 parvos
1133 670 1397 707 indifferenter
1427 675 1553 718 potest
1585 670 1748 717 operari.

969 719 1075 755 Unde
1090 719 1142 754 ait
1164 720 1410 764 Theophilus:
1437 719 1603 755 «Mirare
1626 722 1751 755 autem

968 765 1107 803 Christi
1134 765 1336 810 virtutem;
1367 766 1530 812 qualiter
1556 777 1624 813 per
1650 766 1753 801 indi-

967 825 1075 860 gnos,
1099 816 1136 850 et
1169 825 1245 849 non
1278 813 1483 860 discipulos
1516 815 1597 860 ejus
1629 813 1752 860 gratia

968 864 1159 907 operatur.
1187 860 1247 897 Sic
1270 864 1306 897 et
1330 872 1397 907 per
1420 863 1636 898 sacerdotes
1658 872 1752 897 san-

969 909 1182 945 ctificantur
1209 908 1399 954 homines,
1424 909 1595 955 quamvis
1623 920 1750 945 sacer-

968 957 1076 993 dotes
1115 956 1235 993 sancti
1274 968 1348 993 non
1388 957 1529 993 fuerint
1567 969 1575 993 :
1613 970 1630 991 »
1670 958 1753 993 liaec

971 1006 1204 1051 Theophila&
1230 1003 1268 1041 Si
1289 1015 1379 1051 ergo
1401 1016 1423 1041 a
1442 1005 1551 1041 malis
1574 1006 1640 1041 fiat
1658 1015 1751 1051 opus

967 1053 1110 1089 bonum
1146 1053 1192 1088 de
1228 1063 1384 1098 genere,
1407 1064 1485 1089 non
1521 1051 1750 1099 prohibendi

968 1103 1054 1136 sunt
1073 1100 1146 1136 hoc
1164 1100 1302 1144 facere,
1324 1099 1413 1136 licet
1433 1099 1536 1136 enim
1557 1111 1651 1147 opus
1674 1100 1753 1136 tale

968 1159 1043 1184 non
1067 1147 1115 1184 sit
1132 1147 1371 1183 meritorium
1395 1147 1476 1184 sine
1500 1147 1671 1192 caritate,
1692 1151 1751 1184 ta-

968 1206 1056 1233 men
1081 1198 1138 1231 est
1157 1195 1423 1241 dispositivum
1444 1196 1491 1231 ad
1513 1195 1752 1231 emendatio-

967 1254 1054 1280 nem
1066 1242 1166 1278 vitae.
1186 1244 1258 1278 Per
1275 1242 1403 1286 istum,
1427 1243 1489 1289 qui
1511 1254 1587 1279 non
1609 1246 1690 1279 erat
1706 1243 1754 1280 de

968 1291 1148 1328 societate
1162 1291 1443 1336 Apostolorum,
1454 1290 1625 1338 signatur
1636 1290 1752 1327 laicus

966 1340 1108 1383 bonus,
1146 1338 1209 1384 qui
1250 1349 1326 1374 nou
1366 1339 1482 1374 habet
1516 1337 1750 1384 praedicandi

967 1386 1157 1430 osticium3
1180 1389 1306 1421 tamen
1333 1385 1443 1422 honis
1472 1385 1598 1422 verbis
1621 1389 1659 1421 et
1687 1396 1750 1421 ex-

967 1434 1101 1480 emplis
1122 1433 1199 1477 agit
1218 1433 1266 1469 ad
1284 1432 1545 1479 expulsionem
1564 1432 1764 1469 daemonis·

967 1482 1014 1518 de
1058 1481 1233 1517 cordibus
1271 1480 1544 1527 proximorum,
1580 1480 1751 1527 quamvis

967 1540 1045 1565 non
1079 1531 1259 1574 sequatur
1295 1529 1486 1565 Christum
1512 1539 1580 1575 per
1614 1531 1753 1564 statum

966 1576 1161 1621 religionis
1183 1579 1220 1612 et
1240 1575 1471 1612 clericatum.
1496 1577 1588 1612 Ecce
1609 1578 1753 1622 quauta.

967 1623 1140 1660 invitatio
1178 1624 1225 1659 ad
1258 1623 1528 1668 humilitatem,
1555 1623 1604 1660 ad
1639 1633 1754 1669 quam

967 1672 1101 1708 invitat
1129 1672 1310 1707 Dominus
1337 1675 1532 1718 tamquam
1560 1671 1608 1707 ad
1639 1671 1755 1707 virtu-

967 1724 1044 1756 tem
1066 1717 1418 1755 christianissimam
1436 1731 1444 1764 3
1480 1719 1547 1755 sed
1562 1722 1689 1755 tamen
1704 1717 1753 1755 ad

969 1778 1051 1804 eam
1072 1766 1199 1803 venire
1221 1766 1445 1811 differimus,
1472 1777 1591 1813 usque
1618 1767 1665 1803 ad
1683 1767 1749 1802 ho-

968 1826 1050 1851 ram
1069 1825 1297 1861 supremam,
1326 1814 1589 1861 superbientes
1616 1824 1748 1860 quam-

969 1862 1034 1899 diu
1051 1861 1330 1899 valemuslicet
1350 1873 1417 1908 per
1436 1861 1657 1909 superbiam
1677 1862 1752 1898 dee-

969 1921 1103 1947 mones
1123 1909 1358 1947 efficiamur!

849 2046 1021 2084 ORATIO

167 2144 327 2182 Domine
342 2145 433 2181 Jesu
455 2142 616 2189 Christe,
639 2143 688 2180 da
707 2142 798 2180 mihi
826 2146 869 2179 ut
893 2143 1029 2179 vadam
1052 2143 1100 2180 ad
1127 2153 1246 2189 mare,
1265 2144 1512 2189 recogitando
1538 2145 1752 2190 peccatam

119 2192 370 2229 amaritudine
389 2191 551 2236 animae;
575 2195 611 2228 et
632 2192 778 2228 mittam
799 2192 966 2235 hamum,
989 2191 1028 2226 in
1046 2191 1170 2228 cordis
1192 2191 1439 2237 contritione3
1461 2194 1498 2228 et
1516 2196 1648 2238 aperto
1669 2204 1752 2238 ore,

118 2240 157 2277 iu
177 2239 427 2283 confessione,
449 2242 629 2276 staterem
647 2239 804 2284 solvam,
819 2238 859 2274 in
881 2238 1140 2275 satisfactione
1157 2250 1167 2283 3
1188 2241 1226 2275 et
1245 2238 1298 2275 sic
1318 2239 1458 2276 liberer
1474 2250 1497 2276 a
1512 2240 1654 2277 tributo
1674 2240 1753 2277 dia-

119 2288 195 2325 boli
214 2291 251 2324 et
269 2288 349 2334 ejus
366 2287 573 2324 exactione.
597 2288 652 2324 Da
674 2286 788 2323 etiam
809 2285 916 2330 mihi,
934 2289 976 2323 ut
993 2297 1196 2323 conversus
1217 2288 1263 2323 ab
1283 2287 1465 2333 elatione,
1491 2288 1637 2324 efficiar
1656 2288 1753 2324 sicut

119 2335 298 2383 parvulus
318 2339 356 2371 et
374 2334 527 2372 humilis
545 2334 586 2371 in
607 2334 726 2371 oculis
747 2333 841 2371 meis
855 2345 866 2379 3
889 2334 1017 2380 sicque
1034 2345 1101 2381 per
1120 2339 1263 2371 arctam
1278 2333 1378 2371 viam
1397 2337 1435 2371 et
1451 2339 1655 2382 angustam
1673 2346 1758 2382 por-

119 2387 196 2420 tam
231 2393 381 2420 merear
406 2382 548 2419 intrare
574 2382 613 2419 in
644 2393 805 2428 regnum
836 2381 1100 2427 beatitudinis;
1122 2383 1300 2429 parvulos
1333 2393 1484 2429 quoque
1522 2387 1560 2420 et
1591 2383 1755 2420 humiles

119 2434 273 2478 propter
307 2440 448 2467 nomen
482 2434 590 2467 tuum
615 2429 832 2476 suscipiam,
850 2429 1020 2467 caritatis
1039 2430 1223 2477 obsequia
1247 2431 1478 2476 exhibendo,
1497 2433 1542 2467 ut
1567 2434 1605 2467 te
1632 2430 1670 2467 in
1702 2430 1758 2468 eis

120 2478 341 2525 suscipiens,
361 2488 385 2515 a
405 2480 443 2515 te
463 2477 648 2525 suscipiar
665 2477 706 2514 in
728 2477 838 2515 coelo.
861 2477 997 2515 Amen.
