1855 3139
97 203 143 235 *λυ
587 195 790 230 SECUNDAE
828 192 984 229 PARTIS
1022 192 1147 225 CAPLT
1186 192 1235 224 lll

98 270 225 306 missio
238 269 528 314 consequeretur
542 266 729 302 effectum.
744 266 871 311 Neque

99 317 198 354 enim
234 316 356 353 claves
393 313 621 350 obtinuisses
655 311 777 359 regul,
804 322 873 347 nec

97 364 230 401 mortis
262 361 430 410 tyrannis
457 360 598 397 abolita
632 363 742 395 esset.
769 372 786 389 u
816 360 873 401 Et,

97 415 139 448 ut
155 412 245 447 dicit
263 412 534 454 chrysostomus
551 421 561 443 :
584 422 602 440 «
623 406 716 449 Quia
732 404 875 441 audivit

99 459 199 505 quod
218 460 364 504 oportet
379 467 463 492 eum
477 454 750 499 Jerosolymam
765 452 819 487 ire
838 455 874 487 et

98 506 216 542 multa
233 503 326 551 pati,
347 503 470 539 adhuc
490 501 597 537 timet
619 511 686 546 pro
704 498 873 541 Christo3

99 553 165 589 sed
201 554 284 597 post
316 548 611 595 increpationem
647 557 724 582 non
764 545 876 581 audet

99 602 227 645 aperte
263 597 387 634 dicere
419 606 563 639 rursus,
590 592 770 639 propitius
792 595 875 644 ‘esto

99 646 180 690 tibi,
199 646 265 682 sed
291 646 390 680 idem
418 642 563 678 occulte
586 651 653 687 per
678 639 751 675 alia
772 649 878 684 signa

102 693 280 729 insinuat.
303 690 399 734 Quia
423 689 523 725 enim
546 688 697 723 videbat
721 687 877 721 multam

101 743 264 786 quietem
308 742 345 774 et
386 735 625 772 solitudinem
642 762 650 778 ,
701 732 879 778 cogitavit

102 785 389 823 convenientem
413 782 464 819 ibi
498 793 579 818 esse
609 780 810 816 stationem
837 790 879 814 ex

101 833 172 870 loci
196 832 453 878 dispositione,
475 829 573 875 quod
597 826 796 874 significat,
819 825 877 861 di-

102 891 191 917 cens
215 892 222 917 :
246 882 383 915 Bonum
417 880 469 912 est
500 886 563 911 nos
600 877 657 910 hic
683 885 768 909 esse.
796 872 880 908 Vult

102 927 215 963 etiam
234 935 382 972 semper
399 923 460 960 hic
480 933 579 965 esse;
603 921 686 957 ideo
706 921 879 956 taberna-

103 975 273 1010 culorum
308 969 498 1013 meminit,
526 969 655 1005 dicens
684 980 692 1003 ;
727 969 769 1004 Si
802 968 878 1010 ris,

100 1023 285 1065 faciamus
302 1020 363 1055 hic
377 1019 451 1053 tria
469 1015 718 1052 tabernacula.
737 1013 882 1059 Cogita-

101 1067 155 1103 vit
193 1066 296 1103 enim
331 1064 431 1111 quod
470 1063 501 1098 si
536 1064 607 1098 hoc
646 1062 767 1104 fieret,
806 1070 881 1095 non

102 1114 325 1150 ascenderet
357 1111 643 1156 ,lerosolymam,
671 1111 708 1144 et
741 1107 770 1143 si
807 1117 882 1142 non

103 1160 326 1197 ascenderet
347 1157 530 1200 Christus,
552 1166 628 1191 non
649 1157 880 1197 moreretur3

102 1207 154 1244 ibi
169 1206 268 1242 enim
287 1204 427 1241 sciebat
442 1204 590 1239 Scribas
604 1201 774 1237 insidiari
790 1200 822 1236 ci
838 1213 845 1237 2
863 1213 880 1233 >›

104 1256 186 1291 haee
205 1255 490 1298 GlirysostomuS.
509 1251 553 1285 Et
572 1249 658 1284 licet
677 1249 823 1288 Petrus,
844 1251 882 1283 ut

104 1302 216 1337 homo
247 1298 487 1344 stupefactus,
515 1295 675 1332 nesciret
697 1295 786 1340 quid
812 1295 882 1330 hoc

105 1347 265 1393 petendo
278 1345 471 1388 diceret,in
486 1345 554 1379 hoc
565 1347 691 1378 tamen
707 1352 811 1378 suam
824 1342 884 1378 de-

106 1394 295 1431 votionem
321 1390 497 1434 ostendit,
525 1395 561 1426 et
587 1389 625 1425 in
650 1389 711 1425 siti
738 1389 794 1425 sui
821 1399 882 1424 ar-

108 1441 210 1477 doris
236 1442 420 1476 monstrat
447 1437 638 1473 indicium.
666 1437 769 1472 Unde
797 1437 883 1471 ine-

108 1488 253 1525 briatus
275 1489 404 1522 Petrus
425 1489 518 1528 erat,
541 1483 604 1529 qui
622 1484 666 1519 de
685 1494 760 1518 una
779 1486 883 1528 gutta

108 1535 183 1570 vini
201 1533 361 1570 coelestis
382 1543 494 1578 quam
512 1529 788 1575 biberat,quasi
808 1533 883 1565 tres

110 1582 286 1618 tabernas
315 1581 437 1616 facere
461 1579 622 1614 volebat.
652 1576 755 1614 Sicut
783 1576 883 1613 enim

111 1639 154 1665 ex
174 1628 357 1675 passionis
376 1624 648 1673 magnitudine,
673 1627 712 1660 ut
738 1623 883 1659 timoris

109 1676 167 1711 vel
189 1673 359 1711 moeroris
376 1678 440 1709 aut
465 1671 618 1715 amoris,
641 1670 774 1717 aliquis
795 1681 882 1717 pro-

110 1722 248 1768 rumpit
265 1720 302 1756 in
320 1720 445 1766 aliqua
460 1720 575 1755 verba
592 1719 671 1754 sine
691 1716 884 1764 praemedi-

110 1768 272 1812 tatione;
294 1767 346 1804 ita
371 1766 542 1802 similiter
561 1777 604 1801 ex
626 1764 883 1812 magnitudine

108 1815 316 1852 devotionis
348 1818 384 1850 et
414 1812 672 1849 delectationis
707 1815 883 1857 expertae,

110 1861 200 1898 dixit
234 1863 364 1898 Petrus
397 1860 462 1896 illa
487 1860 616 1904 verba,
645 1870 728 1905 quae
759 1864 885 1894 tamen

108 1920 184 1945 non
205 1912 314 1945 erant
336 1906 591 1950 rationabilia,
616 1905 705 1951 quia
733 1904 772 1941 in
806 1904 884 1941 solo

110 1959 263 2002 aspectu
281 1953 526 1991 humanitatis
546 1952 682 1989 Christi
701 1963 776 1988 non
798 1963 884 1987 con-

110 2002 209 2038 sistit
235 2001 399 2038 essentia
430 1999 698 2044 beatitudinis;
732 2002 769 2035 et
801 1998 885 2035 ideo

109 2049 203 2085 illud
223 2059 298 2084 non
318 2048 479 2084 debebat
497 2047 670 2082 sufficere
690 2057 757 2092 pro
781 2044 885 2081 finali

112 2094 355 2132 beatitudine.
377 2114 420 2120 —
444 2095 486 2129 In
512 2097 638 2128 monte
661 2094 808 2129 Thabor
832 2096 887 2128 est

111 2141 253 2188 grande
294 2139 565 2176 monasterium
608 2139 741 2185 grandi
794 2139 887 2175 silva

111 2187 400 2231 circumdatum,
422 2190 497 2222 tres
524 2186 666 2222 habens
695 2186 885 2231 ecclesias,

107 2235 215 2281 juxta
236 2234 334 2280 quod
353 2235 488 2270 Petrus
513 2232 564 2269 ait
589 2244 596 2269 ε
619 2235 808 2269 Faciamus
829 2235 887 2269 hic

111 2284 184 2318 tria
205 2281 452 2317 tabernacula.
476 2300 521 2305 —
539 2278 621 2315 Tria
645 2280 886 2316 tabernacula

111 2327 420 2373 contemplativus
440 2325 633 2362 moraliter
651 2326 750 2369 facit,
771 2338 886 2372 quan-

108 2375 157 2411 do
179 2377 330 2418 Legem,
353 2378 390 2410 et
411 2375 633 2419 Prophetas,
657 2376 693 2408 et
715 2375 885 2418 Evange-

108 2422 199 2458 lium
220 2420 385 2467 practice
406 2420 563 2465 legendo
585 2419 764 2465 disponit,
785 2420 883 2455 scili-

108 2472 168 2505 cet
187 2481 197 2503 .·
219 2467 331 2503 corde
352 2466 554 2510 credendO,
571 2476 635 2501 ore
656 2467 882 2512 confitendo,

109 2519 146 2551 et
165 2525 277 2561 opere
298 2513 551 2559 adimplendo.

159 2566 179 2597 6
198 2563 285 2597 TmA
303 2573 339 2596 m
358 2570 709 2596 TRANSFIGURAHONE
723 2571 885 2595 com-sinu-

111 2620 229 2644 RANDA
251 2619 260 2643 :
283 2609 485 2643 Tamimris
507 2618 776 2645 MANIFESTATIO,
796 2618 884 2642 ruffi-

111 2666 236 2691 SENTIA
262 2656 397 2689 Morsrs
424 2665 538 2693 ATQUE
561 2655 654 2688 Emffi
677 2665 718 2688 ET
741 2653 884 2688 CHRISTI

113 2712 370 2738 GLOR1F1CAT10.
383 2721 426 2726 —
436 2700 633 2736 Sciendum
646 2703 770 2735 autem
789 2700 885 2745 quod

113 2748 185 2785 ista
218 2746 522 2793 transfiguratio,
553 2746 767 2792 significans
806 2747 884 2793 glo-

111 2795 207 2832 riam
229 2796 463 2839 Sanctorum,
482 2792 603 2841 primo
622 2792 845 2830 describitur
863 2804 885 2830 a

944 263 1141 308 majestate
1168 259 1248 303 Dei,
1274 259 1362 306 quia
1387 264 1463 295 tota
1489 259 1651 295 Trinitas
1672 256 1721 294 ibi

945 308 1149 356 apparuit:
1173 309 1284 343 Pater
1317 306 1354 341 in
1388 318 1501 350 voce,
1534 305 1647 342 Filius
1684 305 1722 341 in

946 359 1110 393 humana
1145 365 1277 398 carne,
1306 352 1467 399 Spiritus
1499 354 1658 389 Sanctus
1684 352 1723 387 in

947 405 1059 447 nube,
1080 413 1148 449 per
1176 402 1275 447 quod
1303 401 1412 436 datur
1437 399 1597 446 intelligi
1625 399 1724 445 quod

946 450 1067 497 gloria
1095 451 1314 485 Sanctorum
1341 447 1514 483 consistit
1536 447 1575 482 in
1604 446 1723 482 fruiti-

947 508 1018 533 one
1039 495 1267 532 beatissimae
1282 493 1486 531 Trinitatis.
1506 494 1610 530 Sicut
1625 493 1725 529 enim

949 545 1080 580 Petrus
1101 542 1226 579 ebrius
1248 553 1290 577 ex
1313 541 1510 577 dulcedine
1531 540 1633 576 illius
1654 540 1726 576 cla-

948 590 1069 626 ritatis
1089 589 1203 625 voluit
1232 588 1281 624 ibi
1310 588 1434 624 facere
1456 587 1528 624 tria
1550 588 1724 623 taberna-

950 639 1050 680 cula,
1073 636 1125 671 ita
1139 636 1251 671 habet
1266 637 1378 671 homo
1393 634 1466 671 tria
1481 634 1726 670 tabernacula

949 684 986 720 in
1015 683 1140 720 anima
1166 693 1246 726 sua,
1267 692 1354 727 quae
1381 693 1447 717 nec
1474 683 1632 728 Moyses,
1658 691 1726 716 nec

951 731 1062 771 Elias.
1080 730 1145 766 sed
1167 729 1246 765 sola
1262 729 1373 765 beata
1387 728 1550 764 Trinitas
1568 729 1729 764 delecta-

952 778 1075 813 biliter
1098 776 1296 819 inhabitat,
1326 776 1530 811 secundum
1553 775 1644 810 illud
1665 776 1725 810 Jo-

951 824 1061 861 annis
1082 823 1318 869 evangelista:
1336 834 1342 859 :
1359 823 1420 858 Ad
1437 834 1515 858 eum
1531 824 1725 866 veniemus,

952 876 984 907 et
998 873 1219 907 mansionem
1230 871 1331 915 apud
1345 881 1423 905 eum
1432 871 1622 913 faciemus
1641 871 1727 904 Haec

953 922 1077 954 autem
1111 922 1197 953 sunt
1222 928 1230 952 z
1255 917 1449 960 momoria,
1480 915 1728 961 intelligentia

954 969 989 1001 et
1022 965 1209 1001 voluntas
1249 966 1341 999 Nam
1370 964 1483 999 Filius
1518 963 1727 999 habitatin

953 1012 1195 1048 tabernaculo
1226 1010 1501 1056 intelligentiae,
1538 1010 1727 1056 implendo

954 1059 1074 1106 ipsam
1102 1058 1166 1094 Dei
1199 1058 1412 1102 plenissima
1435 1061 1470 1093 et
1501 1057 1730 1093 lucidissima

956 1105 1186 1151 cognitione;
1203 1105 1361 1150 Spiritus
1380 1108 1532 1140 sanctus
1546 1104 1584 1139 in
1602 1105 1726 1140 taber-

955 1153 1088 1189 naculo
1124 1153 1348 1196 voluntatis,
1387 1152 1576 1198 implendo
1610 1152 1729 1196 ipsam

957 1199 1195 1246 sapidissima
1214 1203 1250 1235 et
1270 1199 1488 1235 suavissima
1506 1198 1726 1242 dilectione3

958 1248 1069 1283 Pater
1095 1246 1133 1282 in
1160 1247 1402 1282 tabernaculo
1431 1245 1638 1289 memoriae,
1661 1246 1730 1280 im-

956 1294 1093 1340 plendo
1114 1293 1232 1339 ipsam
1251 1292 1390 1338 cogniti
1405 1296 1441 1328 et
1460 1292 1584 1328 dilecti
1602 1303 1731 1338 perpe-

956 1346 1019 1376 tua
1046 1340 1247 1377 resectione
1279 1344 1315 1375 et
1342 1340 1581 1375 securissima
1608 1338 1730 1374 inten-

956 1389 1058 1424 tione
1076 1387 1235 1433 :quibus
1253 1386 1396 1423 actibus
1412 1388 1537 1422 anima
1556 1387 1594 1422 in
1614 1387 1730 1422 Deum

957 1436 1063 1481 quasi
1084 1434 1248 1470 totaliter
1266 1435 1565 1475 transformatur,
1587 1436 1623 1469 et
1638 1443 1730 1478 quo-

957 1482 1156 1517 dammodo
1169 1481 1361 1517 deiformis
1372 1481 1545 1516 efficitur.
1559 1482 1661 1515 Tunc
1672 1491 1731 1516 ve-

956 1530 1138 1569 rificatur,
1152 1528 1354 1564 secundum
1373 1527 1569 1573 quamdam
1589 1537 1732 1573 praegu-

957 1575 1170 1619 stationem,
1187 1575 1279 1611 illud
1294 1575 1392 1621 quod
1408 1573 1543 1617 dicitur
1559 1574 1598 1610 in
1614 1575 1731 1610 Evan-

956 1623 1052 1668 gelio
1076 1634 1084 1658 ε
1106 1625 1208 1658 Intra
1228 1624 1266 1657 in
1285 1622 1461 1666 qaudium
1487 1622 1633 1656 Domini
1661 1622 1729 1656 tui.

956 1690 1001 1696 -
1029 1670 1213 1712 Secundo,
1238 1668 1463 1705 describitur
1488 1669 1557 1703 ista
1579 1667 1732 1703 transfi-

957 1718 1118 1763 guratio,
1133 1727 1154 1752 a
1172 1715 1350 1752 societate
1367 1715 1560 1757 consortii,
1578 1716 1666 1760 quia
1680 1713 1733 1750 ibi

957 1766 1107 1799 t'uerunt
1145 1765 1286 1809 Moyses
1322 1765 1358 1798 et
1394 1761 1518 1806 Elias;
1553 1762 1731 1805 Jacobus‚

960 1812 1090 1846 Petrus
1112 1814 1148 1845 et
1169 1812 1347 1846 Joanues.
1373 1810 1413 1844 In
1447 1809 1589 1844 coelesti
1621 1808 1733 1853 igitur

958 1858 1078 1904 gloria
1097 1856 1321 1892 habebimus
1340 1857 1458 1891 socios
1479 1866 1609 1891 omnes
1630 1856 1734 1891 Vete-

960 1904 1008 1939 ris
1028 1909 1065 1940 et
1083 1905 1173 1940 Novi
1194 1902 1420 1939 Testamenti
1443 1904 1609 1938 Sanctos.
1628 1902 1733 1937 Beati

959 1952 1103 1987 Veteris
1132 1949 1358 1986 Testamenti
1389 1949 1670 1995 distinguuntur
1696 1949 1734 1984 iu

959 1998 1052 2034 duos
1075 1998 1239 2041 ordines,
1265 1997 1407 2032 scilicet
1441 2006 1449 2031 :
1487 1996 1734 2041 Patriarchas,

959 2044 1022 2091 qui
1042 2043 1304 2089 intelliguntur
1324 2053 1388 2087 per
1408 2044 1570 2088 Moysen,
1590 2047 1626 2078 et
1647 2043 1735 2078 Pro-

960 2094 1091 2138 phetas
1118 2093 1180 2136 qui
1203 2101 1268 2135 per
1294 2090 1425 2125 Eliam.
1453 2090 1579 2125 Sancti
1608 2093 1734 2125 autem

959 2137 1050 2175 Novi
1064 2137 1288 2173 Testamenti
1307 2136 1587 2182 distinguuntur
1603 2135 1642 2171 in
1657 2139 1734 2172 tres

959 2185 1133 2221 ordines:
1151 2184 1292 2220 scilicet
1311 2182 1349 2218 in
1369 2184 1564 2230 Martyres,
1585 2183 1647 2229 qui
1670 2193 1736 2228 per

958 2232 1163 2275 Jacobum3
1190 2233 1228 2266 in
1258 2230 1511 2273 Confessores,
1536 2231 1599 2276 qui
1633 2229 1731 2275 pleni

960 2278 1143 2324 sapientia
1178 2278 1244 2314 Dei
1284 2277 1544 2323 intelliguntur
1571 2287 1638 2323 per
1664 2277 1733 2312 Pe-

959 2332 1072 2369 trum,
1091 2324 1155 2371 qui
1175 2324 1446 2370 interpraatur
1463 2334 1659 2368 aqnoscens
1672 2336 1682 2366 3
1696 2322 1735 2359 in

959 2374 1145 2419 Virgines,
1164 2372 1227 2417 qui
1247 2381 1314 2417 per
1338 2372 1536 2407 Joannem.
1563 2370 1642 2411 Vel,
1661 2369 1732 2406 dici

961 2422 1081 2465 potest
1111 2418 1211 2464 quod
1245 2418 1410 2454 Christus
1444 2417 1560 2453 voluit
1593 2417 1734 2453 habere

959 2465 1216 2502 testimonium
1244 2464 1301 2500 sui
1331 2465 1513 2500 adventus
1544 2475 1553 2501 ε
1581 2464 1628 2499 ab
1660 2462 1735 2499 illis

960 2513 1023 2559 qui
1052 2516 1138 2548 sunt
1167 2513 1204 2547 in
1232 2511 1346 2555 coelo,
1377 2511 1519 2546 scilicet
1551 2521 1574 2547 a
1598 2512 1732 2554 Patre3

960 2564 997 2596 et
1014 2561 1061 2596 ab
1085 2558 1156 2594 illis
1175 2559 1238 2604 qui
1261 2561 1346 2594 sunt
1363 2557 1403 2593 in
1423 2558 1575 2602 mundo,
1594 2557 1737 2593 scilicet

960 2618 982 2643 a
1003 2607 1127 2647 Petro,
1146 2605 1284 2641 Jacobo
1305 2611 1342 2640 et
1358 2606 1519 2648 joann&
1539 2608 1575 2640 et
1595 2604 1642 2639 ab
1662 2603 1735 2639 illis

961 2653 1022 2699 qui
1041 2657 1127 2688 sunt
1145 2652 1182 2687 in
1201 2651 1368 2687 terrestri
1388 2651 1574 2695 paradiso,
1593 2649 1735 2686 scilicet

960 2701 1007 2736 ab
1027 2700 1128 2743 Elia;
1152 2702 1189 2734 et
1209 2699 1256 2734 ab
1280 2698 1353 2733 illis
1374 2699 1437 2744 qui
1457 2701 1544 2734 sunt
1561 2698 1600 2733 in
1618 2697 1735 2733 infer-

960 2758 1029 2791 no,
1056 2746 1196 2782 scilicet
1230 2756 1251 2781 a
1285 2746 1422 2792 Moyse.
1456 2746 1541 2790 Vel,
1577 2754 1647 2792 per
1671 2753 1736 2780 sex

960 2804 1136 2840 personas
1174 2791 1370 2839 signantur
1402 2803 1465 2829 sex
1499 2792 1612 2836 bona,
1650 2801 1733 2837 quae
