1907 3139
146 162 206 197 346
619 167 826 204 SECUNDAE
865 170 1024 204 PARTIS
1062 170 1200 203 CAPUT
1240 170 1309 203 LVI

148 244 188 287 se
205 234 347 287 species
364 235 473 281 panis
495 242 772 285 converterent,
794 244 832 277 et
851 240 921 286 ipsi

146 292 186 317 1n
224 281 411 318 Christum
449 289 773 322 converterentur.
817 288 921 323 Unde

147 329 378 373 Auqustinus
395 341 402 366 :
421 343 438 364 «
458 333 603 368 Dictum
625 337 681 369 est
698 345 719 369 a
740 334 920 370 Domino:

149 376 223 411 Nec
244 379 283 428 tu
305 386 363 412 me
382 380 544 415 mutabis
565 379 602 415 in
623 383 674 425 te,
688 382 784 417 sicut
797 380 923 417 cibum

148 433 274 458 carnis
289 427 375 468 tuae,
393 425 458 461 sed
473 429 512 461 tu
534 427 739 463 mutaberis
758 429 793 463 in
814 438 886 464 me.
904 440 921 461 »

147 471 196 506 Et
230 472 285 506 ait
319 482 326 507 :
366 473 534 518 Accipite
569 478 602 509 et
636 476 820 518 comedite,
859 475 922 511 ubi

148 519 345 563 utramque
386 520 498 565 huJ'us
533 521 756 556 sacramenti
802 521 924 558 innuit

149 566 432 606 comestionem,
471 569 783 604 sacramentalem
821 569 923 604 scili-

150 615 233 655 cet,
273 617 309 648 et
351 613 581 660 spiritualem
599 642 608 659 ‚
654 618 694 650 ut
740 615 924 662 accipiant

149 662 275 694 mente
305 664 341 694 et
363 671 531 706 corpore,
561 666 598 697 et
618 662 816 698 comedant
850 663 924 698 fide

149 709 186 741 et
215 716 293 750 ore,
315 717 358 741 ac
386 711 536 752 gustent
561 712 597 743 et
628 708 781 745 videant
811 710 923 746 devo-

147 752 264 797 tione,
283 753 461 798 quoniam
483 755 607 791 suavis
640 759 696 791 est
728 756 923 803 Dominus,

148 802 203 836 est
239 800 339 835 enim
379 811 516 836 manna
544 804 579 837 in
613 813 746 847 sapore
782 804 926 840 habens

148 857 260 883 omne
289 847 619 893 delectamentum,
648 853 685 885 et
716 850 839 887 omnis
866 862 925 887 sa-

147 893 250 940 poris
264 894 488 946 suavitatem
506 907 514 938 ;
540 907 582 932 ac
598 896 667 932 sibi
682 897 925 944 incorporent

147 941 439 985 recogitatione,
476 947 668 979 servantes
721 945 759 980 in
813 946 925 981 corde

150 989 310 1034 pretium
343 989 612 1034 redemptionis
642 1001 733 1027 suae.
759 993 838 1027 Non
870 995 926 1027 est

149 1044 238 1079 ergo
272 1033 325 1070 sic
354 1034 655 1082 intelligendum,
689 1039 791 1083 quod
822 1040 925 1084 prius

147 1082 339 1127 frangeret
361 1085 398 1117 et
424 1082 532 1118 daret
557 1083 633 1119 suis
655 1084 862 1131 discipulis,
883 1096 925 1121 ac

149 1131 278 1174 postea
304 1128 446 1165 diceret
476 1131 591 1166 verba
616 1132 925 1177 consecrationis,

148 1175 361 1228 sed-magis
380 1187 399 1211 e
426 1187 621 1222 converso,
644 1179 731 1225 quia
759 1179 926 1215 Christus

149 1223 253 1259 dedit
303 1224 446 1269 Corpus
503 1235 611 1260 suum
664 1230 926 1262 consecratum

148 1269 349 1316 Apostolis‚
372 1274 409 1306 et
438 1270 522 1306 ideo
553 1271 657 1318 prius
693 1273 783 1309 dixit
812 1274 928 1310 verba

150 1316 458 1353 consecrationis.
484 1319 555 1354 Per
578 1321 721 1363 Jesum,
744 1321 806 1366 qui
828 1322 928 1356 salus

150 1364 433 1410 interpretatur,
452 1366 571 1401 bonus
588 1367 770 1403 Praelatus
792 1367 927 1404 Christi

153 1458 271 1494 salute
289 1458 483 1500 sollicitus,
504 1459 738 1507 intelligitur.
756 1461 820 1497 Hic
836 1461 928 1498 acci-

148 1506 203 1552 pit
234 1516 383 1551 panem,
403 1517 487 1542 cum
506 1506 707 1552 diligenter
725 1509 849 1544 studet
868 1510 930 1545 Sa-

150 1563 223 1588 crae
254 1553 472 1599 Scripturae;
502 1554 643 1600 gratias
664 1566 751 1591 vero
786 1555 862 1602 agit
893 1558 930 1591 et

151 1599 355 1641 benedicit,
379 1602 530 1646 quando
560 1603 635 1637 Deo
656 1603 829 1638 attribuit
849 1603 928 1648 eJus

151 1646 410 1692 diligentiam3
446 1647 586 1692 frangit
623 1652 748 1684 autem
784 1653 821 1684 et
849 1650 927 1692 dat,

150 1694 281 1729 devote
299 1694 539 1739 praedicando
561 1705 659 1731 eam.
682 1698 708 1731 E
728 1699 859 1731 contra
880 1696 925 1731 dc

150 1740 348 1786 ignorante
386 1747 423 1777 et
460 1741 686 1788 negligente,
723 1742 859 1778 dicitur
889 1742 928 1778 in

151 1788 308 1824 Threnis
331 1800 339 1823 ε
361 1790 512 1824 Parvuli
532 1791 714 1833 petierunt
729 1801 874 1836 panem,
896 1793 929 1825 et

150 1846 222 1871 non
252 1838 329 1871 erat
353 1837 417 1880 qui
436 1837 624 1879 frnnqeret
644 1839 708 1872 eis.

198 1886 218 1925 4
240 1884 454 1918 LAUDANDUS
481 1895 585 1919 amu
612 1896 648 1918 in
671 1895 929 1920 TniBnLArioNE

150 1931 313 1966 Dominus
338 1941 692 1971 PARTlCerNDUMQUE
717 1943 829 1967 IPSIUS
860 1942 928 1966 CA-

153 1988 234 2012 LICI.
270 1998 315 2002 —
345 1980 393 2013 Et
431 1980 612 2023 accipiens
649 1980 810 2023 calicem,
844 1988 929 2013 cum

151 2024 236 2060 vino
271 2034 370 2070 aqua
407 2024 535 2064 mixto,
565 2025 782 2061 Passionem
823 2036 928 2061 suam

151 2071 458 2117 praesignantem,
483 2074 625 2115 qratias
658 2075 745 2117 eyz’t,
767 2083 833 2119 pro
868 2083 928 2108 re-

153 2118 369 2164 demptione
413 2119 577 2155 humano
623 2121 753 2165 generi
793 2119 930 2155 collata

151 2176 219 2211 per
249 2165 378 2210 illam;
407 2176 475 2202 nec
506 2177 579 2201 non
612 2167 648 2201 in
683 2166 864 2211 adversis,
892 2170 929 2202 et

152 2222 219 2258 pro
246 2212 427 2256 adversis,
448 2213 546 2258 quod
580 2224 653 2249 non
688 2224 753 2259 pro
785 2224 839 2257 se,
863 2214 928 2249 sed

178 2270 219 2295 ro
257 2260 363 2295 nobis
399 2260 479 2295 haec
510 2260 608 2304 tulit,
636 2265 852 2296 monstrans
890 2260 929 2296 in

181 2317 223 2342 oc
251 2309 291 2342 ut
319 2308 518 2342 Dominum
548 2307 757 2352 laudemus,
777 2308 928 2353 quando

153 2353 303 2399 flagella
338 2354 521 2398 videmus,
541 2359 578 2389 et
604 2354 745 2400 gratias
773 2365 929 2399 agamus

151 2400 190 2436 in
213 2401 315 2436 omni
338 2400 593 2444 tribulatione,
616 2412 700 2446 quae
731 2402 929 2447 signitica—

151 2448 267 2483 turin
282 2447 434 2483 nomine
449 2447 587 2483 calicis.
603 2449 707 2483 Unde
726 2451 930 2493 Chrysosto-

144 2505 231 2530 mus
265 2506 273 2529 :
311 2508 329 2527 «
366 2494 514 2530 Gratias
550 2494 640 2540 egit,
679 2496 817 2531 docens
862 2506 931 2532 nos

153 2541 316 2587 qualiter
340 2545 487 2587 oportet
505 2542 575 2578 hoc
602 2542 820 2588 mysterium
841 2553 931 2589 per-

152 2589 278 2629 ficere,
307 2592 343 2624 et
372 2588 547 2624 erudiens
575 2599 642 2624 nos
668 2590 931 2635 quodcumque

153 2635 928 2682 patimurcumgratiarumactioneferre.»

154 2683 260 2719 Unde
286 2686 322 2718 ct
352 2683 449 2719 Beda
472 2694 480 2718 ε
501 2695 518 2715 «
544 2683 611 2726 Qui
644 2682 737 2718 nihil
772 2682 932 2729 dignum

150 2729 394 2777 percussione
437 2729 620 2773 exhibuit,
652 2729 848 2766 humiliter
890 2730 931 2766 in

152 2776 394 2826 percussione
429 2776 648 2814 benedicit:
682 2780 717 2812 ut
751 2776 839 2813 hinc
870 2777 930 2813 vi·-

1001 239 1137 276 delicet
1158 239 1331 275 ostendat
1351 240 1440 286 quid
1460 240 1714 288 unusquisque
1735 239 1772 278 in

999 286 1148 331 flagello
1170 287 1287 331 culpae
1307 287 1468 333 propriae
1480 288 1602 324 facere
1623 288 1771 333 debeat,

998 334 1027 369 si
1065 334 1144 380 ipse
1181 333 1443 379 aequanimiter
1473 335 1623 380 flagella
1654 335 1772 379 culpae

998 381 1132 417 alienae
1146 384 1292 426 portat;
1313 387 1351 416 ut
1368 381 1453 417 hinc
1467 382 1579 418 etiam
1598 382 1773 418 ostendat

999 427 1089 474 quid
1114 428 1151 463 in
1175 427 1408 473 correptione
1436 429 1548 465 faciat
1583 429 1771 474 subditus,

998 475 1029 511 si
1068 474 1103 510 in
1139 475 1285 519 flagello
1320 475 1461 520 positus
1497 476 1598 512 Patri
1632 475 1774 521 gratias

998 521 1075 568 agit
1096 521 1263 566 aequalis.
1287 537 1299 552 ι»
1327 522 1468 558 Deinde
1494 524 1690 566 benedicit,
1713 523 1773 558 di-

999 580 1079 605 cens
1095 582 1105 604 :
1124 571 1189 604 Hic
1207 571 1259 603 est
1278 571 1428 612 sanquis
1443 580 1553 613 meus,
1574 570 1653 615 qui,
1673 569 1772 605 scili-

999 620 1056 652 cet
1078 616 1146 651 suh
1174 614 1296 661 specie
1316 615 1390 650 vini
1412 620 1579 662 apparet,
1597 619 1689 653 Novi
1713 618 1773 652 Te-

998 664 1182 702 stamenti,
1209 662 1349 697 scilicet
1363 662 1410 698 ad
1437 663 1527 699 Novi
1559 665 1773 699 Testamen-

998 709 1026 745 ti
1065 708 1419 752 confirmationem;
1460 709 1652 756 quoniam,
1675 710 1771 746 sicut

1000 759 1116 793 Vetus
1141 758 1415 792 Testamentum
1436 757 1699 793 confirmatum
1718 759 1775 793 est

1000 815 1039 840 1n
1054 803 1235 846 sanguine
1249 802 1468 839 animalium
1482 805 1774 848 immolatorum,

1002 852 1052 887 ita
1073 854 1109 886 et
1130 852 1271 886 Novum
1293 852 1571 887 Testamentum
1594 850 1777 898 sanguine

1002 897 1137 935 Christi
1168 899 1430 933 confirmatum
1462 903 1531 942 est,
1553 899 1590 933 in
1612 909 1686 944 quo
1710 908 1775 943 ap-

1001 950 1107 992 paret
1143 944 1363 980 excellentia
1403 945 1493 981 Novi
1535 943 1775 988 Testamenti,

1001 995 1171 1037 respectu
1193 991 1350 1027 Veteris.
1375 993 1418 1027 Et
1437 992 1541 1028 addit
1563 1004 1571 1027 :
1592 992 1694 1035 Quod
1710 1001 1777 1038 pro

1000 1040 1102 1074 vobis
1121 1043 1154 1074 et
1170 1049 1236 1084 pro
1257 1040 1394 1082 multis,
1416 1039 1663 1082 redimendis,
1681 1041 1718 1075 et
1737 1037 1777 1073 in

1002 1088 1193 1122 coelestem
1210 1086 1455 1121 hereditatem
1478 1084 1777 1130 introducendis,

1002 1144 1018 1168 e
1053 1134 1208 1168 undetur
1221 1134 1259 1167 in
1277 1135 1522 1168 remissionem
1535 1136 1775 1179 peccatorum.

1001 1181 1098 1216 Dicit
1128 1183 1267 1224 autem,
1292 1190 1356 1223 pro
1389 1182 1528 1220 multis,
1557 1179 1775 1219 efficienter,

1003 1228 1069 1263 sed
1102 1237 1167 1272 pro
1197 1226 1386 1270 omnibus,
1409 1226 1639 1262 sufficienter
1661 1237 1669 1261 :
1690 1226 1779 1272 quia

1004 1273 1155 1320 sanguis
1183 1272 1320 1309 Christi
1348 1284 1415 1319 pro
1440 1273 1614 1309 omnibus
1639 1273 1780 1309 effusus

967 1353 969 1358 .
1003 1321 1085 1365 suit,
1121 1324 1299 1366 quantum
1334 1321 1381 1356 ad
1406 1320 1683 1364 sufficientiam,
1714 1319 1779 1356 sed

175 1410 182 1416 ·
255 1411 262 1416 ·
967 1387 969 1410 4
1005 1368 1169 1403 nonfuit
1190 1368 1330 1403 effusus
1355 1377 1419 1413 pro
1440 1367 1626 1411 omnihus,
1651 1377 1778 1413 quan-

150 1422 324 1456 vicarius,
357 1415 393 1447 et
429 1414 474 1448 de
512 1424 577 1449 sua
618 1414 930 1461 subditorumque
968 1418 969 1438 l

1004 1419 1083 1451 tum
1105 1415 1152 1450 ad
1173 1414 1430 1459 efficientiam,
1446 1416 1533 1460 quia
1554 1425 1629 1450 non
1650 1424 1781 1450 omnes

1005 1462 1195 1505 emundat,
1225 1461 1395 1507 quamvis
1417 1472 1548 1497 omnes
1572 1461 1780 1498 emundare

1005 1509 1208 1551 sufficeret,
1223 1509 1252 1543 si
1275 1509 1348 1544 fide
1366 1514 1402 1544 ct
1421 1508 1633 1552 dilectione,
1661 1518 1704 1544 ac
1725 1518 1781 1544 sa-

1005 1559 1282 1591 cramentorum
1303 1555 1544 1601 perceptione
1562 1555 1717 1591 virtutes
1737 1565 1776 1590 e-

1001 1603 1061 1649 jus
1077 1603 1320 1648 attingerent.
1337 1602 1479 1638 Deinde
1498 1603 1599 1637 dedit
1618 1603 1710 1644 illis,
1723 1602 1779 1637 di-

968 1664 969 1675 ÷
1005 1660 1085 1686 cens
1102 1661 1110 1684 :
1128 1651 1246 1684 Bibit-9
1259 1660 1302 1684 θα]
1315 1651 1378 1684 hoc
1395 1660 1527 1692 omnes,
1542 1653 1583 1685 ut
1599 1648 1680 1684 sitis
1695 1650 1782 1684 Pas-

968 1709 969 1734 1
1005 1695 1122 1732 sionis
1156 1707 1249 1731 mete
1282 1699 1633 1742 repraesentatores‚
1660 1694 1697 1730 id
1724 1697 1783 1731 est

968 1752 969 1771 l
1005 1742 1204 1779 imitamini
1228 1753 1349 1779 meam
1367 1742 1698 1788 Passionem,quia
1711 1742 1782 1777 nisi

968 1810 969 1814 =
1005 1789 1300 1836 compatiamini,
1322 1801 1397 1825 non
1416 1789 1709 1836 conregnabitis.
1724 1787 1782 1824 Bi-

967 1846 969 1887 ]
1004 1837 1059 1874 bit
1101 1841 1225 1873 autem
1267 1836 1345 1883 ipse
1386 1836 1508 1883 primo
1551 1835 1780 1880 Sanguinem

1004 1895 1128 1928 suum,
1152 1884 1331 1920 inducens
1352 1895 1416 1920 eos
1442 1883 1555 1919 etiam
1578 1885 1624 1919 ad
1652 1882 1779 1919 biben-

1004 1932 1105 1968 dum.
1131 1932 1173 1966 Et
1195 1932 1415 1975 notandum,
1438 1931 1537 1976 quod
1559 1930 1656 1966 sicut
1676 1933 1779 1974 tunc,

967 1991 968 2027 3
1003 1978 1056 2014 ita
1077 1983 1114 2015 et
1145 1979 1181 2013 in
1206 1978 1395 2024 primitiva
1422 1976 1587 2013 Ecclesia
1607 1977 1781 2012 homines

1004 2025 1068 2071 qui
1097 2026 1220 2060 missae
1245 2025 1467 2069 intererant,
1490 2025 1690 2060 sumebant
1722 2034 1781 2059 sa-

1004 2075 1237 2109 cramentum
1277 2072 1429 2108 unitatis
1452 2083 1461 2115 ;
1501 2082 1599 2107 nunc
1655 2073 1782 2107 autem

1004 2120 1091 2166 quia
1121 2130 1193 2155 non
1226 2124 1386 2165 possunt
1418 2129 1550 2154 omnes
1579 2117 1692 2164 digne
1724 2128 1783 2153 su-

1004 2177 1122 2209 mere,
1150 2170 1301 2202 sumunt
1334 2165 1436 2202 aliud
1470 2165 1603 2201 saltem
1632 2165 1783 2210 signum

1004 2213 1173 2257 unitatis,
1198 2213 1234 2248 id
1258 2217 1312 2249 cst
1335 2213 1504 2249 osculum
1530 2211 1654 2258 pacis;
1681 2210 1783 2256 quod

1005 2261 1159 2296 tradens
1183 2261 1358 2296 sacerdos
1377 2262 1413 2294 et
1432 2258 1560 2295 dicens
1585 2273 1593 2295 ε
1615 2257 1784 2310 Accipite

1003 2307 1194 2343 vinculum
1225 2306 1340 2353 pacis,
1364 2306 1465 2342 idem
1494 2308 1550 2341 est
1579 2315 1624 2341 ac
1656 2304 1686 2340 si
1718 2304 1783 2340 di-

1004 2358 1105 2390 ceret
1132 2366 1140 2390 :
1167 2355 1307 2390 Sumite
1339 2364 1381 2389 ex
1417 2354 1488 2388 hoc
1527 2362 1676 2395 omnes3
1708 2351 1782 2396 vel,

1005 2401 1177 2447 accipite,
1209 2405 1245 2436 ct
1282 2400 1435 2436 dividite
1474 2398 1572 2435 inter
1605 2409 1686 2434 vos.
1708 2397 1780 2435 Per

1005 2448 1157 2484 calicem
1177 2447 1387 2494 persecutio
1407 2445 1578 2491 signatur
1600 2446 1638 2481 in
1658 2444 1784 2481 Sacris

1006 2495 1207 2541 ScrIpturis
1230 2506 1238 2530 :
1261 2495 1321 2530 hic
1339 2493 1433 2530 calix
1449 2492 1625 2537 sumitur,
1639 2493 1783 2538 patien-

1005 2545 1063 2578 ter
1083 2542 1279 2578 tolcrando
1298 2553 1306 2585 ;
1329 2544 1366 2577 et
1388 2540 1499 2576 datur
1525 2539 1623 2582 aliis,
1645 2539 1694 2576 ad
1720 2538 1779 2575 si—

1006 2589 1094 2625 mile
1116 2588 1361 2625 exhortando.

1055 2640 1073 2672 5
1098 2637 1170 2672 Cim
1192 2647 1255 2672 sun
1277 2646 1415 2671 DUPLICI
1436 2646 1553 2670 srsscm
1572 2644 1782 2669 msrrrurnu

1006 2694 1133 2719 Femur
1163 2684 1408 2719 EUCHARISTIAE
1441 2692 1708 2718 SACRAMENTUM.
1735 2700 1782 2706 —

972 2772 973 2776 Ἰ
1006 2729 1285 2766 Advertendum
1317 2733 1442 2765 autem
1471 2728 1571 2774 quod
1595 2727 1697 2764 istud
1721 2736 1780 2762 sa-

1008 2779 1241 2834 cramentum
1269 2777 1336 2813 sub
1357 2775 1496 2823 duplici
1518 2773 1657 2822 specie,
1677 2772 1781 2811 scili-
