1907 3139
424 180 475 213 DE
513 178 633 213 MODO
668 179 995 215 CORREPTIONIS
1034 180 1297 216 FRATERNAE.
1338 182 1431 217 ETC.
1711 187 1750 221 55

119 249 394 296 correptionem
420 250 640 287 fraternam.
673 250 779 288 Circa
801 252 899 287 hanc

118 307 206 333 vero
217 297 491 344 correptionem
503 299 708 334 fraternam
719 304 771 335 cst
781 299 898 335 scien-

118 344 220 388 dum,
235 346 333 390 quod
352 346 544 392 corripere
563 350 782 392 peccantem
803 358 899 394 prze-

117 394 265 438 ceptum
290 397 347 429 est
367 394 651 439 affirmativum,
674 397 711 431 et
732 397 789 431 est
818 405 896 431 om-

115 438 220 475 nium
264 439 303 476 in
350 452 505 478 omnes:
544 442 646 488 quia,
690 442 895 479 secundum

115 486 293 533 Glossam,
316 487 367 525 ita
386 492 513 535 peccat
528 489 593 537 qui
608 489 764 527 fratrem
786 501 895 527 suum

112 543 269 580 peccare
289 536 390 573 videt
413 541 449 573 et
468 540 580 583 tacet,
604 537 701 574 sicut
724 537 788 585 qui
811 548 896 585 pec-

113 582 212 618 canti
234 594 310 619 non
332 583 514 632 indulget.
553 587 629 622 Ista
649 585 894 626 enimcorre-

110 629 190 682 ptnio
213 631 410 668 ordinatur
430 634 478 669 ad
499 633 805 670 emendationem
822 634 896 671 fra-

110 679 179 713 tris
197 680 388 724 peccantis
406 692 414 725 ;
438 684 475 717 et
495 681 580 718 ideo
602 687 660 718 est
675 684 779 718 actus
800 681 893 718 cari-

110 725 211 778 tatis,
246 731 283 762 et
304 728 467 774 pertinet
486 729 534 765 ad
555 740 700 773 omnes,
728 729 830 775 quia,
851 733 894 766 ut

111 772 249 809 dicitur
277 775 313 810 in
344 776 606 813 Ecclesiastico
639 788 647 813 t
689 779 893 822 Unicuique

110 822 303 857 mandavit
334 825 428 859 Deus
463 825 506 860 de
526 827 708 870 promz'mo,
732 828 768 860 et
805 825 891 862 ideo

112 867 207 921 sicut
244 869 401 915 quilibet
429 874 578 908 tenetur
603 873 815 919 proximum
849 884 892 909 ex

110 920 267 953 caritate
287 918 457 964 diligere,
482 921 534 955 ita
554 923 705 956 tenetur
721 921 891 957 defectus

109 963 190 1009 ejus
223 965 431 1012 caritative,
452 970 489 1002 et
511 968 559 1003 ad
581 968 890 1005 emendationem

109 1013 192 1057 ejus
222 1014 426 1059 corrigere.
460 1015 550 1051 Plus
580 1018 709 1052 tamen
738 1018 785 1052 ad
819 1016 892 1052 hoc

108 1057 276 1104 ligantur
292 1062 437 1107 praelati
454 1074 565 1108 quam
582 1063 668 1100 alii.-
689 1065 777 1110 quia
796 1074 891 1110 prae-

109 1105 173 1142 lati
203 1117 246 1143 ex
274 1109 353 1145 zelo
384 1110 566 1152 caritatis,
604 1114 642 1147 et
682 1121 725 1147 ex
760 1112 888 1148 officio

107 1154 343 1207 praelationis
364 1169 372 1201 ;
393 1158 460 1194 sed
484 1158 549 1194 alii
570 1161 717 1195 tantum
739 1170 784 1195 ex
810 1160 889 1195 zelo

107 1204 288 1239 caritatis.
316 1206 424 1250 Item,
443 1206 590 1252 praelati
611 1207 753 1242 habent
774 1208 890 1242 corri-

108 1259 196 1295 pere
227 1252 342 1288 verbo
377 1258 414 1289 et
447 1254 612 1301 flagello,
651 1254 714 1290 alii
738 1256 887 1290 tantum

106 1297 235 1350 verbo.
259 1300 317 1344 Et,
340 1310 425 1336 cum
452 1301 500 1337 sit
525 1305 756 1348 praeceptum
775 1302 887 1338 affir-

106 1348 301 1391 matlvum,
328 1348 419 1393 ligat
450 1360 610 1396 semper,
645 1350 711 1386 sed
741 1360 817 1386 non
839 1350 887 1386 ad

107 1403 256 1439 semper
288 1397 585 1441 exsequendum,
609 1397 675 1433 sed
704 1408 771 1444 pro
803 1397 886 1434 loc'o

107 1443 144 1476 et
162 1443 345 1487 tempore,
380 1444 530 1488 quando
555 1444 644 1480 licet
665 1448 702 1480 et
722 1444 885 1490 expedit,

105 1490 142 1523 et
179 1489 291 1524 homo
328 1490 449 1526 credit
472 1492 574 1537 quod
607 1492 795 1538 correptio
839 1491 888 1528 sit

105 1533 209 1571 utilis
231 1537 329 1582 apud
348 1537 454 1574 illum
477 1550 589 1585 quem
608 1541 800 1586 corrigere
819 1539 887 1576 in-

104 1583 237 1636 tendit.
262 1585 355 1621 Sunt
375 1589 502 1622 autem
525 1586 693 1634 quinque
719 1598 827 1624 casus
848 1588 887 1623 in

105 1631 240 1676 quibus
266 1632 474 1670 absolvitur
498 1635 612 1671 homo
631 1636 677 1672 ab
699 1635 771 1671 isto
793 1646 886 1680 prae-

103 1681 224 1724 cepto.
244 1681 406 1727 Primus,
429 1692 514 1718 cum
534 1694 611 1719 non
634 1683 742 1719 adest
759 1682 888 1729 aliqua

104 1735 190 1772 spes
200 1728 493 1773 emendationis;
507 1731 608 1766 unde
622 1732 883 1775 Hieronymus:

105 1787 124 1806 «
146 1775 297 1811 Frustra
320 1775 403 1821 niti,
427 1780 463 1813 et
482 1777 576 1813 nihil
603 1789 717 1823 quam
756 1777 885 1814 odium

105 1830 290 1867 quaerere,
328 1828 504 1860 extremae
544 1826 743 1861 dementiae
770 1829 882 1861 est.»

105 1869 312 1914 Secundus,
333 1881 416 1907 cum
435 1871 591 1908 timetur
611 1873 779 1909 desectus
799 1883 884 1919 pro-

103 1915 268 1953 bationis
296 1921 331 1953 et
370 1918 617 1955 criminaliter
647 1920 784 1966 agitur,
821 1919 885 1956 ubi

104 1963 247 1999 scilicet
266 1968 371 2001 actor
390 1968 436 2002 ad
456 1969 650 2012 talionem,
672 1967 701 2003 si
731 1968 770 2003 in
802 1978 884 2013 pro-

102 2010 255 2047 batione
279 2013 443 2055 deficiat,
482 2014 683 2060 obligatur.
722 2015 881 2059 Tertius,

103 2067 189 2094 cum
215 2060 372 2105 praelato
396 2065 590 2107 tamquam
608 2063 724 2109 judici
752 2066 883 2098 notum

105 2105 332 2151 estfactum,
356 2109 443 2154 quia
466 2109 528 2146 ille
546 2110 718 2147 notorius
740 2113 809 2154 est,
826 2111 882 2146 vel

104 2153 487 2202 convictus.Quartus,
500 2168 586 2194 cum
598 2157 745 2194 meliori
763 2157 881 2204 operi,

102 2201 161 2236 vel
185 2202 233 2237 ad
254 2203 378 2240 minus
401 2215 507 2249 {eque
526 2206 625 2241 bono
645 2209 767 2250 vacat,
790 2205 885 2241 sicut

103 2250 280 2285 monachi
296 2251 420 2288 facere
435 2253 586 2289 debent.
606 2253 778 2297 Quintus
800 2263 884 2289 cum

102 2297 302 2334 multitudo
325 2299 383 2335 vel
416 2303 580 2345 potestas
625 2304 682 2336 est
701 2301 739 2336 in
761 2301 883 2346 culpa,

103 2343 167 2379 ubi
196 2347 385 2393 correptio
415 2347 500 2393 plus
520 2351 676 2384 noceret
693 2348 883 2392 Ecclesiae,

104 2402 217 2438 quam
240 2395 463 2440 prodesset;
485 2396 586 2432 unde
606 2399 662 2432 est
682 2407 811 2431 versus
828 2407 835 2431 :

102 2467 183 2504 Non
203 2477 301 2514 spes,
319 2478 390 2503 non
413 2469 516 2504 testis
524 2468 641 2514 plebs,
651 2467 790 2513 praesul
802 2467 885 2511 scit,

564 2516 774 2562 [monachus
792 2524 884 2549 sum.

154 2598 171 2620 2
194 2586 310 2621 Huius
328 2597 445 2621 nonus
472 2598 513 2621 ET
535 2597 665 2623 FORMA.
689 2607 733 2612 —-
755 2586 887 2622 Osten-

105 2632 160 2669 dit
181 2643 271 2679 ergo
291 2634 353 2669 hic
375 2634 546 2670 debitum
568 2635 724 2670 modum
757 2643 887 2669 corre-

105 2679 244 2726 ptionis
267 2681 394 2726 hujus,
414 2686 450 2716 et
470 2681 552 2727 quis
578 2684 668 2717 ordo
684 2681 722 2717 in
743 2690 888 2725 proces-

105 2738 146 2763 su
166 2728 246 2773 ejus
267 2728 314 2763 sit
334 2731 554 2765 servandus.
570 2731 767 2765 Peccatum
787 2726 887 2763 enim

103 2774 233 2811 fratris
252 2780 318 2811 aut
338 2780 394 2811 est
412 2775 481 2812 tibi
501 2777 571 2812 soli
595 2776 802 2824 cognitum,
823 2776 887 2811 aut

104 2825 165 2859 est
178 2822 387 2869 publicum.
413 2823 451 2861 Si
473 2826 514 2860 tu
530 2824 630 2861 solus
647 2825 731 2870 scis,
750 2833 827 2859 non
847 2824 888 2857 ut

977 252 1076 288 Deus
1097 262 1164 297 per
1183 251 1469 298 confessionem,
1491 256 1556 292 sed
1578 259 1620 293 ut
1635 258 1749 294 homo

974 310 1041 346 per
1072 303 1216 336 certam
1253 302 1523 347 cognitionem,
1555 305 1670 341 debes
1691 305 1749 351 ip-

973 357 1055 383 sum
1074 348 1265 394 corrigere
1296 348 1560 395 amicabiliter,
1593 356 1749 398 secrete,

971 400 1009 431 et
1033 406 1217 432 seorsum.
1239 397 1345 432 Unde
1368 396 1505 433 dicitur
1525 409 1533 433 :
1557 400 1598 435 Si
1634 403 1755 436 autem

966 445 1174 489 peccaverit
1192 445 1232 479 in
1251 447 1298 488 te,
1312 443 1348 480 id
1372 447 1440 489 est,
1456 446 1663 482 secundum
1675 447 1755 483 Au-

968 492 1173 536 9ustinum‚
1186 494 1224 527 te
1248 491 1404 534 sciente,
1429 493 1551 536 frater
1568 496 1667 537 tuus,
1684 494 1752 530 sci-

968 539 1058 574 licet
1075 539 1267 585 proximus
1282 543 1384 583 tuus,
1396 540 1490 576 vade
1501 543 1535 576 et
1558 543 1699 587 corripe
1718 545 1756 578 et

969 586 1125 633 increpa
1159 597 1253 632 eum,
1292 586 1456 623 dulciter
1490 590 1527 624 et
1552 588 1751 626 caritative

968 634 1159 670 monendo
1175 638 1319 671 secrete
1337 636 1432 671 inter
1450 637 1484 671 te
1504 638 1538 671 et
1559 637 1680 682 ipsum
1695 647 1753 672 so·-

968 682 1056 723 lum,
1075 684 1117 717 ut
1136 692 1212 717 non
1237 682 1448 718 deducatur
1470 682 1509 718 in
1542 683 1750 729 publicum,

966 730 1068 775 quod
1088 732 1143 765 est
1171 730 1383 774 occultum;
1408 732 1448 766 ut
1477 731 1531 766 sic
1552 731 1601 766 sis
1621 742 1751 767 emen-

967 777 1089 822 dator,
1112 788 1186 813 non
1208 776 1376 813 criminis
1412 777 1594 823 proditor,
1623 778 1751 815 inten-

966 824 1060 860 dens
1080 824 1371 869 correctionem,
1390 835 1553 871 parcens
1579 826 1715 872 pudori
1739 838 1748 871 ;

966 882 1012 907 ne
1033 871 1063 907 si
1099 871 1250 918 publice
1271 877 1469 919 correptus
1489 874 1605 909 semel
1624 874 1747 920 pudo-

965 930 1046 955 rem
1076 924 1141 956 aut
1180 921 1452 957 verecundiam
1487 920 1672 966 amiserit,
1710 921 1749 958 in

965 972 1118 1012 peccato
1132 971 1409 1013 permaneat,et
1420 968 1653 1015 pertinacior
1666 969 1753 1006 effe-

965 1018 1047 1051 ctus
1086 1015 1242 1052 difficile
1278 1015 1531 1052 emendabilis
1570 1020 1749 1053 maneat:

963 1061 1060 1098 forte
1085 1062 1187 1099 enim
1215 1074 1292 1110 prae
1324 1065 1555 1100 verecundia
1589 1063 1753 1111 incipiet

965 1110 1169 1147 defendere
1199 1115 1397 1157 peccatum
1419 1122 1544 1155 suum,
1565 1115 1603 1147 et
1639 1122 1751 1158 quem

962 1157 1019 1193 vis
1049 1158 1172 1194 facere
1198 1158 1482 1203 correctiorem,
1521 1159 1613 1196 sacis
1646 1160 1750 1206 pej0-

962 1215 1055 1241 rem.
1080 1207 1218 1242 Peccat
1237 1217 1328 1252 ergo
1351 1207 1470 1243 frater
1484 1205 1524 1242 in
1545 1206 1644 1251 illos,
1666 1206 1748 1253 qui-

962 1253 1029 1288 bus
1051 1253 1261 1290 scientibus
1293 1257 1448 1301 peccat;
1488 1254 1592 1300 quia,
1617 1265 1747 1300 quan-

960 1303 1041 1336 tum
1068 1300 1108 1337 in
1148 1312 1191 1337 eo
1220 1303 1292 1346 est,
1321 1301 1493 1348 exemplo
1535 1301 1747 1348 corrumpit

962 1358 1057 1393 quos
1101 1352 1217 1385 testes
1252 1359 1330 1385 suae
1359 1348 1575 1395 iniquitatis
1614 1350 1745 1385 efficit.

962 1395 1132 1442 Corripe,
1156 1397 1326 1442 inquam,
1354 1407 1440 1433 eum
1463 1407 1472 1432 z
1502 1407 1578 1432 non
1604 1396 1746 1441 laudes,

961 1443 1176 1487 aduland03
1200 1455 1275 1479 non
1296 1443 1462 1487 occidas,
1481 1443 1746 1489 convitiand03

960 1501 1038 1526 non
1058 1490 1184 1536 sileas,
1206 1491 1503 1528 verecundando
1525 1502 1534 1536 ;
1566 1502 1642 1527 non
1673 1502 1747 1527 ne-

961 1538 1093 1585 gligas,
1118 1538 1361 1585 pigritando;
1398 1550 1475 1575 non
1513 1538 1744 1583 dissimules,

961 1584 1179 1622 inimicitias
1190 1586 1249 1623 vel
1271 1587 1412 1623 damna
1426 1587 1652 1633 temporalia
1668 1597 1745 1622 me-

960 1633 1116 1677 tuendo,
1132 1634 1505 1681 nonjuvestandem‚
1524 1634 1747 1680 obsequium

958 1681 1192 1727 praestando.
1237 1682 1344 1718 Unde
1362 1682 1414 1717 sic
1442 1681 1535 1717 dicit
1574 1683 1711 1719 Seneca
1735 1692 1746 1717 .·

961 1728 1115 1764 «Amici
1134 1728 1227 1765 vitia
1252 1730 1284 1765 si
1317 1729 1430 1774 feras,
1450 1729 1544 1765 facis
1564 1733 1652 1774 tua;
1686 1727 1746 1765 bis

959 1786 1106 1822 peccas,
1127 1786 1214 1812 cum
1246 1776 1392 1822 peccati
1417 1776 1642 1823 obsequium
1679 1787 1743 1812 ac-

960 1824 1208 1859 commodas:
1227 1836 1244 1856 »
1266 1824 1347 1859 haec
1364 1825 1512 1861 Seneca.
1533 1824 1667 1860 Subdit
1681 1835 1744 1860 au-

962 1875 1034 1906 tem
1051 1883 1061 1906 :
1084 1873 1132 1906 Et
1145 1873 1178 1906 si
1196 1874 1229 1906 te
1245 1872 1420 1915 audierit,
1437 1872 1655 1916 poenitendo
1672 1874 1708 1907 et
1721 1882 1744 1908 a

958 1922 1111 1964 peccato
1126 1919 1495 1957 cessando,lucratus
1508 1920 1579 1954 eris
1587 1920 1745 1962 fratrem

960 1969 1074 2010 tuum,
1092 1966 1256 2001 animam
1278 1966 1357 2012 ejus
1373 1967 1552 2002 salvando
1572 1978 1580 2009 ;
1604 1970 1639 2002 et
1660 1967 1742 2012 ejus

958 2014 1147 2048 revocatio
1170 2013 1277 2049 cedet
1301 2013 1367 2049 tibi
1396 2015 1433 2048 in
1451 2013 1597 2049 lucrum
1626 2013 1737 2059 spiri-

958 2060 1071 2101 tuale,
1082 2059 1223 2095 scilicet
1237 2061 1367 2096 salutis
1379 2061 1516 2096 animae
1532 2064 1620 2105 tuce,
1635 2061 1739 2107 quia,

960 2110 999 2142 ut
1014 2108 1102 2143 dicit
1116 2109 1371 2153 Hieronymus,
1389 2118 1457 2155 per
1475 2108 1635 2144 salutem
1651 2110 1741 2144 alte-

958 2154 1051 2199 rius,
1074 2154 1181 2191 nobis
1200 2166 1351 2201 quoque
1370 2155 1580 2201 acquiritur
1621 2157 1736 2192 salus.

958 2204 999 2238 Et
1028 2206 1128 2238 certe
1166 2203 1343 2248 libenter,
1377 2214 1420 2239 ac
1446 2203 1649 2249 patienter,
1672 2204 1739 2239 de-

956 2250 1020 2286 bet
1040 2249 1125 2296 quis
1141 2251 1310 2297 recipere
1329 2251 1620 2296 correptionem,
1643 2261 1740 2296 pro-

956 2300 1041 2344 pter
1086 2298 1222 2334 animae
1268 2309 1345 2334 suae
1383 2298 1598 2334 utilitatem.
1634 2299 1740 2334 Unde

958 2347 1091 2382 Seneca
1113 2358 1123 2380 ε
1147 2359 1166 2378 «
1186 2345 1395 2381 Moneberis
1414 2346 1591 2387 libenter,
1615 2348 1652 2381 et
1680 2356 1739 2381 re-

958 2392 1202 2438 prehenderis
1220 2393 1430 2439 patienter;
1452 2392 1482 2428 si
1509 2392 1644 2428 merito
1670 2393 1738 2428 ob-

956 2439 1122 2486 jurgavit
1141 2443 1177 2476 te
1195 2440 1346 2486 aliquis,
1366 2440 1456 2476 scito
1473 2440 1561 2486 quia
1584 2440 1739 2486 profuit,

960 2490 997 2523 et
1008 2488 1037 2522 si
1057 2488 1260 2532 immerito,
1276 2487 1368 2523 scito
1382 2488 1470 2534 quia
1485 2488 1665 2534 prodesse
1679 2498 1741 2523 vo-

960 2533 1042 2571 luit.
1066 2536 1146 2570 Non
1164 2536 1313 2579 acerba,
1328 2535 1392 2571 sed
1412 2536 1551 2571 blanda
1568 2535 1683 2571 verba
1699 2536 1742 2570 ti—

961 2592 1064 2617 meas
1087 2594 1095 2618 :
1114 2595 1131 2615 »
1159 2583 1236 2618 liaec
1258 2584 1404 2619 Seneca.
1423 2584 1464 2619 Sz·
1478 2585 1597 2617 autem
1614 2586 1646 2617 te
1666 2593 1739 2617 non

962 2630 1136 2671 audierit,
1148 2632 1276 2666 taceas
1288 2635 1324 2666 et
1343 2641 1476 2675 cesses,
1491 2630 1609 2665 donec
1623 2628 1738 2664 aliam

961 2676 1058 2712 viam
1080 2676 1308 2722 procedendi
1328 2678 1482 2713 habeas.
1507 2697 1554 2703 —
1570 2676 1650 2711 Alia
1669 2686 1736 2711 au-

960 2727 1035 2759 tem
1050 2724 1111 2760 via
1123 2729 1243 2770 potest
1260 2725 1392 2760 haberi
1411 2723 1629 2769 duplicitcr;
1648 2723 1737 2768 quia

962 2771 1053 2808 illud
1086 2777 1281 2818 peccatum
1311 2776 1375 2808 aut
1401 2773 1457 2808 est
1471 2770 1654 2822 iterabile,
1671 2772 1736 2822 aut

961 2829 1062 2863 non;
1087 2819 1119 2856 si
1153 2819 1202 2856 sit
1237 2818 1423 2862 iterabile‚
1452 2819 1567 2855 debes
1598 2816 1733 2863 aliqui-
