1907 3139
121 151 177 184 198
564 152 780 187 SECUNDAE
816 155 973 191 PARTIS
1011 156 1146 191 CAPUT
1183 156 1281 190 XXX

120 219 361 266 supplantare
384 220 493 257 bonis
519 221 695 267 operibus
717 222 891 260 intentos.

118 268 304 311 Quantum
322 267 507 304 laboravit
530 268 741 306 Pharisaeus
762 270 823 306 ille
846 282 893 307 ne

117 317 270 360 raperet
296 315 434 360 aliena,
454 326 502 351 ne
528 315 688 361 injustus
716 322 826 361 esset,
847 329 894 354 ne

118 361 363 405 adulteraret,
385 373 433 398 ne
452 367 625 409 peccaret
645 366 739 400 sicut
760 365 894 400 Publi-

119 419 248 453 canus,
268 412 308 444 ut
328 409 385 445 bis
407 411 443 445 in
462 411 616 446 sabbato
634 411 837 456 Jejunaret,
855 417 895 448 ut

118 455 285 493 decimas
305 456 413 492 daret
432 457 602 493 omnium
624 468 707 502 quae
727 459 894 504 acquire-

117 503 195 539 ret!
217 503 304 546 Quis
320 507 489 539 nostrum
504 505 583 539 haee
602 504 712 540 fecit?
725 506 895 543 Advertit

117 550 189 586 hoe
210 550 395 595 diabolus,
417 553 454 586 et
473 551 635 596 perfodit
659 562 744 587 eum
769 554 894 589 ulcere

118 597 245 644 gravi,
276 601 317 634 ut
347 600 471 633 mente
505 598 628 634 carnis
658 598 825 644 inflatus,
856 600 895 635 in

118 655 162 680 eo
182 643 219 680 in
244 654 316 689 quo
338 644 536 680 laudabilis
564 645 643 680 sore
664 648 893 693 crederetur,

118 690 170 728 ibi
202 691 536 737 reprehensibilior
569 692 805 738 judicaretur
836 709 843 730 :
875 708 893 728 »

118 739 200 775 haee
218 739 446 779 Ambrosius.

167 789 187 821 6
209 786 287 821 Nou
308 797 351 820 Ex
375 796 546 821 OPERIBUS
571 797 814 834 eLoniANnun,
832 799 894 823 sao

118 843 310 868 neuimrssn
340 844 376 869 nv
408 844 539 869 GRATIA
566 844 827 870 eoNFioENnuii.
850 856 896 862 --

119 878 185 915 Hie
206 890 294 925 ergo
317 880 539 924 ostenditur,
559 891 635 917 non
656 892 698 917 ex
720 882 895 927 operibus

118 936 201 962 esse
241 926 498 971 gloriandum;
528 928 593 963 sed
630 929 823 964 humiliter
856 929 894 966 in

117 973 238 1018 gratia
259 973 538 1010 considendum.
564 975 669 1012 Unde
699 978 860 1011 Basilius
881 989 891 1012 :

120 1034 139 1053 «
172 1020 262 1056 Cum
297 1022 498 1055 accesseris
533 1021 581 1056 ad
616 1022 895 1067 przedicandum

118 1066 331 1109 Dominum,
350 1070 545 1112 prosterne
572 1070 608 1103 te
636 1069 829 1106 humiliter
855 1070 893 1106 in

116 1116 319 1158 conspeetu
328 1115 407 1158 ejus
420 1127 425 1154 ;
441 1124 507 1150 nee
516 1115 681 1159 postules
692 1116 895 1162 quidquam

116 1160 221 1206 quasi
255 1170 297 1195 ex
320 1162 449 1205 gratia
475 1160 695 1198 meritorum
730 1166 892 1200 tuorum.

117 1209 161 1243 Et
175 1207 204 1242 si
227 1210 283 1245 est
300 1207 367 1243 tibi
387 1207 616 1244 conscientia
633 1209 790 1254 alicujus
807 1211 894 1246 lioni

119 1255 254 1300 operis,
285 1254 365 1289 cela
397 1254 513 1294 illum,
552 1258 604 1298 ut,
627 1260 663 1291 te
701 1256 894 1294 silentium

118 1304 268 1347 agente,
295 1301 554 1348 multipliciter
576 1302 643 1339 tibi
675 1306 896 1341 restituatur

119 1359 141 1384 a
156 1348 559 1395 Doiiii11030tpeeeata
578 1353 642 1386 tua
662 1351 735 1386 cito
753 1352 895 1397 produc

116 1395 155 1432 in
188 1394 353 1431 medium
377 1424 385 1439 ‚
411 1399 449 1431 ut
481 1396 603 1432 deleat
629 1408 673 1433 ea
700 1399 894 1444 Dominus,

119 1452 203 1477 eum
220 1442 415 1478 confessus
436 1443 550 1479 sueris
566 1454 623 1480 ea,
641 1446 720 1480 Non
740 1448 775 1481 te
792 1445 896 1491 justi-

118 1489 210 1524 fiees
230 1500 354 1533 orans,
386 1501 430 1525 ne
457 1490 552 1526 sicut
580 1492 791 1527 Pharisaeus
816 1493 892 1538 ille,

117 1546 226 1572 exeas
247 1536 530 1575 condemnatus.
558 1539 743 1575 Memento
767 1540 892 1575 Publi-

118 1582 217 1627 eani‚
235 1586 275 1618 ut
299 1584 347 1618 ita
366 1583 460 1619 sicut
481 1584 540 1620 ille
561 1585 706 1621 veniam
730 1586 893 1622 delii-to·-

118 1640 202 1665 rum
214 1633 363 1665 tuorum
378 1630 571 1666 invenias:
591 1645 607 1664 »
625 1633 703 1668 lime
717 1635 891 1670 Basilius.

117 1676 186 1712 Ubi
210 1680 246 1712 et
271 1678 542 1721 chrysostomus
563 1691 573 1713 .-
600 1695 613 1709 u
636 1680 811 1716 Geminas
833 1692 894 1717 au-

116 1723 216 1769 rigas
233 1727 269 1759 et
290 1724 382 1760 duas
402 1725 521 1771 bigas,
539 1725 575 1760 in
592 1726 712 1762 stadio
738 1727 892 1773 positas,

116 1781 241 1809 sermo
269 1782 436 1816 praesens
463 1773 639 1819 proponit
673 1785 680 1809 :
710 1774 748 1809 iu
776 1775 895 1811 altera

116 1817 267 1863 quidem
281 1818 462 1862 justitiam
480 1830 563 1855 eum
579 1821 753 1864 superbia
771 1833 778 1865 ;
795 1821 831 1857 in
846 1822 896 1857 al-

116 1867 197 1901 tera
210 1875 297 1900 vero
311 1869 504 1911 peecatum
518 1876 602 1903 cum
616 1868 839 1905 humilitate.
854 1871 895 1905 Et

118 1912 224 1948 vides
256 1912 382 1957 bigam
413 1913 555 1959 peccati
582 1925 758 1960 superare
778 1916 894 1961 justi-

117 1958 222 2001 tiam,
241 1970 315 1994 non
336 1959 496 2006 propriis
517 1960 670 2006 virilius,
687 1963 751 1998 sed
770 1963 894 1999 humi-

120 2005 237 2041 litatis
247 2007 454 2051 conjuncta}
467 2019 475 2050 3
489 2008 588 2044 illam
599 2019 685 2044 vero
695 2009 893 2055 devictam,

118 2063 195 2088 non
220 2053 420 2099 fragilitate
443 2054 615 2100 justitiae,
638 2056 702 2091 sed
732 2059 828 2093 mole
859 2062 895 2093 et

118 2103 266 2135 tumore
281 2100 478 2146 superbiae.
494 2103 585 2138 Nam
599 2102 693 2138 sieut
705 2104 895 2140 humilitas

120 2156 189 2192 per
212 2145 274 2187 ¹sui
297 2147 537 2184 eminentiam
573 2149 713 2193 peccati
746 2152 893 2197 pondus

120 2196 285 2239 superat,
305 2197 341 2229 et
359 2194 497 2230 saliens
515 2195 667 2242 attingit
687 2199 822 2242 Deuni;
843 2199 895 2235 sie

119 2239 296 2286 superbia
314 2241 360 2276 ob
379 2243 434 2276 sui
457 2242 592 2278 molem
612 2246 657 2279 de
676 2244 771 2280 facili
787 2245 894 2291 J'usti-

91 2286 210 2322 ··tiam
237 2287 426 2332 deprimit.
456 2288 491 2325 Si
525 2300 615 2335 ergo
653 2291 761 2336 plura
797 2293 894 2330 sacta

120 2337 272 2369 strenue
295 2344 414 2380 geraS,
437 2339 546 2381 putas
569 2337 693 2373 autem
721 2341 757 2374 te
783 2350 894 2384 posse

119 2390 362 2426 praesumere,
380 2386 457 2418 tota
479 2383 629 2419 caruisti
651 2385 832 2423 oratioue.
855 2387 891 2422 Si

119 2437 208 2463 vero
230 2427 332 2463 mille
352 2428 451 2464 seras
472 2430 509 2465 in
527 2431 753 2468 conscientia
775 2434 893 2470 fasces

119 2477 305 2518 reatuum,
327 2478 362 2510 et
391 2476 458 2511 lioe
479 2477 599 2512 solum
620 2481 664 2513 ‹fe
686 2482 721 2516 te
746 2482 890 2525 credas,

122 2521 223 2566 quod
262 2531 300 2556 es
336 2521 488 2558 intimus
525 2524 705 2569 omnium,
736 2527 891 2563 multam

120 2567 308 2603 obtinebis
335 2572 421 2604 ante
448 2571 564 2606 Deum
591 2572 780 2609 fiduciam.
807 2576 891 2610 Haee

120 2613 237 2661 igitur
264 2615 383 2650 fastus
415 2615 558 2652 inflatio
589 2619 635 2653 ab
668 2619 758 2665 ipsis
790 2621 892 2658 coeiis

121 2664 245 2707 potest
261 2662 471 2708 deprimere
492 2674 568 2699 non
587 2671 799 2711 caventem;
822 2669 891 2704 hu-

123 2708 263 2744 militas
275 2720 362 2745 vero
377 2712 414 2745 et
424 2710 470 2746 ab
482 2710 562 2756 ipso
578 2712 708 2758 abysso
722 2718 891 2752 reatuum

122 2755 313 2792 hominem
341 2756 554 2795 sublimare.
588 2759 673 2796 Haec
693 2760 793 2797 enim
813 2772 890 2807 prae

973 226 1160 263 Pharisaeo
1175 226 1416 263 Publicanum
1431 223 1600 267 salvavit,
1612 225 1749 276 Latro-

970 283 1129 319 nemque
1149 277 1234 311 ante
1254 274 1452 321 Apostolos
1474 273 1510 308 in
1530 271 1748 318 paradisum

970 320 1072 355 duxit
1087 332 1095 364 ;
1115 320 1179 357 illa
1193 332 1281 358 vero
1297 322 1555 368 incorpoream
1572 319 1746 363 ingressa

971 370 1027 403 est
1046 368 1285 405 Potestatem.
1310 369 1482 405 Ceterum
1505 366 1534 402 si
1552 366 1658 418 juxta
1678 365 1747 401 de-

971 413 1059 450 licta
1084 415 1274 451 humilitas
1307 419 1385 452 tam
1411 414 1519 451 saeile
1553 415 1684 465 currit,
1707 416 1748 465 ut

972 462 1185 507 superbiam
1201 462 1355 509 justitia}
1375 464 1541 499 transeat
1558 472 1566 504 ;
1583 471 1613 496 Sl
1628 460 1748 512 justi-

970 508 1033 544 tiae
1055 509 1294 555 conjunxeris
1320 520 1417 553 eam,
1443 519 1515 554 quo
1544 517 1621 543 non
1651 508 1749 559 ibit?

970 555 1119 592 Assistit
1132 556 1202 603 ipsi
1219 555 1400 593 tribunali
1416 555 1557 598 divino,
1568 553 1608 588 in
1623 553 1748 589 medio

971 604 1218 648 Angelorum,
1235 613 1320 638 eum
1340 602 1477 639 fiducia
1501 601 1631 653 multa.
1654 602 1751 636 Rur-

974 660 1049 694 sus,
1073 651 1102 685 si
1123 650 1240 685 fastus
1261 650 1480 695 conjunctus
1497 649 1650 694 justitlae
1668 657 1752 699 eam

972 697 1184 743 deprimere
1216 696 1350 744 potuit,
1385 696 1415 732 si
1448 696 1669 742 conjunctus
1702 697 1751 729 Slt

971 748 1139 790 peccato,
1162 743 1201 779 in
1234 748 1416 789 quantam
1441 744 1655 788 gehennam
1683 741 1748 777 de-

972 791 1126 828 trudet?
1148 792 1233 826 Haee
1254 791 1336 828 dico
1358 802 1433 826 non
1457 794 1496 827 ut
1517 789 1749 835 negligamus

967 837 1169 883 justitiam,
1193 838 1258 873 sed
1289 842 1329 874 ut
1351 839 1487 875 fastum
1507 836 1668 872 vitemus
1691 847 1699 873 ε
1727 849 1746 868 ))

971 886 1050 921 haee
1077 887 1361 930 chrysostomus.

1018 948 1037 979 7
1070 934 1178 968 POENA
1207 944 1384 968 SUPERBIAE
1412 942 1618 971 misnensem:
1647 941 1749 966 nuitu-

971 991 1086 1016 LITATI
1124 991 1315 1016 PROMISSAE.
1353 1001 1394 1006 —-
1428 978 1581 1018 Deinde,
1605 976 1750 1030 ‘Domi-

971 1037 1040 1062 nus
1059 1037 1135 1063 suae
1154 1027 1347 1062 sententiae
1366 1036 1519 1062 causam
1540 1034 1749 1070 assignans,

972 1073 1113 1110 scilieet
1133 1084 1248 1119 quare
1267 1073 1490 1110 Publicanus
1508 1073 1628 1118 magis
1645 1071 1752 1124 justi-

972 1121 1103 1157 ficatus
1125 1120 1332 1165 descendit,
1356 1122 1631 1166 consequenter
1654 1118 1749 1154 inse-

971 1168 1087 1203 rendo
1112 1167 1303 1213 subjungit
1329 1179 1337 1204 :
1366 1169 1459 1211 Quia
1485 1168 1602 1204 omnis
1626 1176 1750 1211 gene-

971 1214 1101 1250 raliter
1135 1214 1214 1251 sine
1245 1215 1475 1260 exceptione,
1502 1213 1642 1249 scilieet
1671 1212 1749 1249 sive

972 1261 1103 1305 laicus,
1130 1261 1206 1297 sive
1229 1260 1403 1305 clericus,
1426 1261 1502 1297 sive
1524 1259 1747 1305 religiosus;

972 1308 1077 1353 item,
1090 1309 1167 1344 sive
1185 1319 1333 1354 parvus,
1349 1310 1426 1344 sive
1441 1307 1652 1349 mediocris,
1672 1306 1748 1343 sive

971 1361 1319 1401 quantumcumque
1343 1366 1516 1401 magnus,
1539 1357 1604 1400 qui
1626 1365 1662 1390 se
1684 1364 1747 1389 θω-

971 1404 1065 1438 altat
1095 1403 1360 1448 superbiendo,
1389 1403 1483 1438 sicut
1503 1402 1589 1437 fecit
1614 1400 1748 1437 Phari-

972 1460 1082 1494 saeus,
1104 1451 1373 1494 humiliabitur,
1396 1454 1432 1486 et
1458 1448 1666 1495 dejicietur,
1689 1447 1747 1484 vel

970 1495 1008 1532 in
1027 1497 1096 1532 hoe
1116 1497 1240 1533 seculo
1258 1507 1324 1542 per
1344 1496 1546 1539 miseriam,
1565 1495 1621 1531 vel
1641 1495 1678 1530 in
1694 1494 1747 1530 fu-

972 1548 1054 1579 turo
1066 1554 1132 1589 per
1147 1554 1292 1587 poenam
1305 1547 1482 1579 aeternam
1495 1555 1503 1586 ς
1518 1547 1550 1578 et
1562 1545 1626 1587 qui
1638 1553 1674 1577 se
1685 1543 1748 1578 hu-

971 1592 1105 1634 miliat,
1122 1594 1252 1636 sponte
1265 1601 1332 1636 per
1345 1601 1470 1626 veram
1485 1589 1747 1636 poenitentiam

971 1641 1008 1672 et
1021 1643 1256 1683 peccatorum
1274 1636 1663 1680 cont'essioiiein,sicut
1679 1637 1748 1672 Pu-

973 1684 1153 1730 liliraiius,
1183 1686 1424 1729 multabitur,
1461 1684 1498 1719 in
1527 1683 1647 1729 gloria
1680 1693 1747 1729 per

971 1732 1325 1767 remunerationem.
1341 1734 1446 1776 Nam,
1468 1731 1671 1767 seeundum
1686 1732 1747 1767 Sa-

970 1777 1136 1824 pientem
1157 1790 1164 1814 ε
1188 1780 1282 1814 Ante
1301 1781 1447 1814 ruinam
1465 1780 1654 1814 eoeultcztur
1672 1788 1744 1819 eor,

971 1829 1003 1861 et
1020 1829 1103 1861 ante
1122 1828 1277 1870 ¹qlorz‘oem
1300 1828 1528 1862 humiliatur.
1546 1827 1590 1861 Et
1607 1829 1646 1860 ut
1662 1824 1746 1861 vul-

971 1874 1113 1917 gariter
1143 1872 1279 1909 dicitur
1301 1885 1309 1909 :
1331 1875 1411 1909 Non
1441 1876 1498 1910 est
1531 1871 1638 1908 vallis
1662 1882 1746 1918 quae

973 1930 1048 1956 non
1066 1920 1203 1956 habeat
1222 1920 1368 1965 collem,
1395 1931 1462 1957 nee
1483 1922 1519 1955 et
1536 1919 1641 1955 collis
1662 1929 1745 1965 quae

972 1977 1045 2002 non
1068 1968 1206 2003 habeat
1222 1968 1368 2003 vallem.
1391 1967 1491 2004 Sicut
1511 1978 1600 2012 ergo
1618 1965 1743 2003 Publi-

971 2024 1100 2059 canus,
1128 2024 1167 2049 se
1192 2015 1439 2060 humiliando,
1461 2018 1517 2050 est
1538 2014 1742 2058 exaltatus;

971 2060 1024 2096 ita
1058 2066 1095 2095 et
1128 2061 1353 2106 Pharisaeus,
1381 2072 1420 2096 se
1450 2061 1662 2106 exaltando,
1690 2065 1746 2098 est

971 2107 1200 2143 humiliatus.
1219 2109 1320 2145 Sicut
1334 2108 1434 2144 enim
1455 2107 1493 2143 in
1509 2111 1649 2144 statera
1669 2118 1745 2144 ma-

970 2154 1092 2190 teriali
1137 2165 1211 2191 una
1247 2158 1354 2201 parte
1394 2156 1590 2200 depressa,
1626 2154 1744 2192 altera

971 2201 1150 2245 elevatur,
1164 2206 1200 2238 et
1217 2213 1237 2238 e
1255 2212 1434 2238 eenverso
1449 2213 1457 2246 ;
1481 2201 1532 2238 sie
1548 2201 1586 2238 in
1604 2205 1744 2239 statera

971 2248 1108 2284 divinae
1136 2248 1292 2295 justitiae
1314 2250 1504 2285 decretum
1532 2253 1603 2293 est,
1621 2250 1743 2295 utqui

971 2295 1165 2331 elevantur
1183 2306 1250 2342 per
1271 2295 1484 2341 superbiam
1508 2295 1546 2332 in
1565 2295 1743 2342 praesenti

970 2342 1059 2386 vita,
1077 2342 1337 2388 deprimantur
1356 2354 1424 2389 per
1443 2353 1593 2389 poenam
1616 2343 1745 2379 eonsu-

969 2389 1113 2426 sibilem
1134 2391 1170 2425 in
1198 2390 1344 2434 suturo;
1369 2396 1404 2425 et
1425 2402 1443 2426 e
1469 2401 1660 2433 converso,
1680 2390 1742 2436 qui

968 2447 1006 2472 se
1023 2436 1237 2482 deprimunt
1254 2437 1291 2472 in
1306 2438 1482 2482 praesenti
1499 2438 1545 2474 ob
1561 2437 1626 2474 Dei
1641 2447 1741 2473 reve-

968 2483 1143 2527 rentiam,
1166 2484 1356 2520 eleventur
1380 2483 1416 2520 in
1446 2485 1568 2520 futuro
1591 2485 1636 2519 ad
1659 2484 1741 2529 glo-

967 2529 1074 2566 riam.
1093 2532 1130 2567 Si
1150 2541 1238 2577 ergo
1258 2531 1310 2566 sie
1329 2531 1618 2575 reprelienditur
1637 2535 1672 2566 et
1690 2530 1741 2567 sie

968 2576 1221 2621 contunditur,
1240 2577 1300 2622 qui
1321 2579 1479 2623 superbe
1495 2578 1633 2623 gratias
1648 2577 1738 2623 agit,

967 2627 1003 2659 et
1025 2627 1147 2660 cetera
1168 2625 1267 2660 bona
1284 2624 1392 2669 tacit;
1413 2625 1501 2670 quid
1523 2626 1567 2661 de
1586 2625 1650 2661 illo
1670 2625 1739 2660 erit

967 2670 1029 2715 qui
1050 2670 1209 2716 gratiam
1238 2671 1446 2717 impugnat,
1475 2676 1511 2708 et
1541 2682 1617 2708 non
1640 2673 1738 2708 bona

959 2717 1083 2755 facit?
1107 2719 1256 2755 Certum
1287 2718 1413 2764 itaque
1435 2722 1535 2764 tene,
1562 2719 1736 2764 superbe,

966 2764 1053 2810 quia
1088 2765 1116 2800 si
1150 2764 1366 2802 humiliatus
1404 2776 1479 2803 non
1505 2765 1618 2801 fueris
1644 2766 1736 2809 Deo,
