1907 3139
150 187 187 219 72
627 191 836 226 SECUNDAE
874 189 1031 223 1111115
1069 188 1205 221 ο11>111
1243 188 1269 221 x

148 257 309 294 salutem
347 257 590 305 famescebat,
637 270 677 296 se
724 258 921 295 convertit.

150 304 219 341 Ubi
240 305 410 349 Origenes
437 317 446 342 ι
471 320 485 339 α
516 308 602 343 Haee
628 317 718 353 ergo
745 307 924 343 debemus

149 352 358 396 attendere,
387 363 432 388 ne
451 353 700 390 aestimatione
732 354 923 397 sapientiae

149 398 427 435 excellentioris
449 405 486 436 et
516 402 704 447 profectus
725 399 925 447 spirituali-

151 445 242 491 oris,
265 449 552 484 contemnamus
572 448 679 494 quasi
710 447 836 493 magni
856 458 924 493 pu-

149 492 256 529 sillos
287 494 477 539 Ecclesiae,
515 495 759 541 prohibentes
787 505 923 540 pueros

146 539 275 576 venire
298 540 346 576 ad
365 542 495 577 Jesum
526 553 534 578 :
571 555 589 576 »
618 544 697 578 haec
733 542 920 585 Oriqeues.

146 586 295 622 Parvuli
317 586 430 622 etiam
457 592 615 634 possunt
642 588 715 624 dici
742 599 923 634 pauperes

142 636 178 669 et
201 632 351 679 generis
374 633 518 679 infimi;
548 646 617 682 per
637 635 842 682 discipulos
861 646 923 671 au-

146 684 223 716 tem
242 679 493 726 impedientes
519 693 567 718 ne
594 682 737 718 Christo
761 682 923 718 offeran-

143 730 219 771 tur,
234 730 394 773 possunt
414 728 531 775 accipi
551 729 724 765 Eeclesiae
739 732 920 774 rectores,

146 773 204 809 vel
225 773 408 820 religiosi,
437 778 499 821 qui
535 780 689 822 propter
718 780 922 823 pauperta-

145 824 237 866 tem,
268 821 327 856 vel
353 822 505 868 generis
534 823 772 860 infimitatem
805 824 924 870 repel-

146 866 228 903 lunt
265 868 360 904 tales
399 879 422 904 a
456 870 693 916 promotione
731 871 788 906 vel
818 881 922 906 rece-

146 913 288 960 ptione,
310 916 481 961 quamvis
516 917 588 953 sint
621 917 697 963 apti
732 921 769 953 et
798 917 918 964 digni;

145 964 300 1007 propter
326 963 428 1007 quod
448 963 693 1010 impedientes
712 969 923 1010 arguuntur

148 1018 212 1043 ore
234 1007 384 1045 Christi.
420 1011 523 1046 Unde
542 1012 737 1055 Dominus,
770 1011 922 1058 indigne

150 1054 291 1099 ferens,
312 1057 366 1091 ait
384 1057 448 1101 eis,
466 1057 657 1104 discipulis·
678 1071 688 1093 :
705 1060 823 1094 Sinite
840 1070 924 1104 par-

151 1102 255 1136 vulos
275 1104 397 1138 venire
417 1104 466 1138 ad
492 1115 559 1149 me,
582 1105 681 1151 apud
705 1115 816 1150 quem
845 1116 922 1141 non

152 1151 210 1183 est
236 1158 486 1193 personarum
514 1151 704 1196 acceptio;
745 1156 778 1187 et
814 1154 925 1188 nolite

143 1195 335 1240 prohibere
358 1206 432 1240 eos,
464 1198 824 1234 comminationibus
844 1202 922 1234 ter-

148 1242 281 1286 rendo,
317 1243 373 1277 vel
411 1244 520 1279 malis
550 1245 729 1290 exemplis
760 1255 924 1281 corrum-

146 1288 295 1334 pendo;
326 1289 414 1335 quia
450 1290 511 1326 isti
536 1294 623 1327 sunt
645 1293 766 1337 figura
792 1295 826 1327 et
848 1293 922 1327 for-

149 1343 212 1371 ma
229 1346 316 1371 vere
342 1336 554 1382 humilium,
579 1349 739 1384 quorum
763 1338 921 1375 familia-

150 1381 301 1417 ritatem
327 1394 395 1429 ego
424 1385 523 1427 volo,
547 1388 583 1420 et
613 1385 858 1421 consortium.
883 1388 922 1421 In

149 1438 221 1474 quo
249 1429 352 1465 dedit
372 1431 537 1476 praelatis
564 1432 773 1478 exemplum
799 1433 922 1468 corri-

149 1475 262 1521 gendi
284 1478 456 1514 ostiarios
471 1489 556 1514 suos
573 1489 781 1525 pauperum
795 1490 921 1515 acces-

148 1532 230 1557 sum
246 1523 609 1567 prohibentes.Unde
625 1527 918 1570 chrysostomus:

151 1581 169 1602 «
191 1569 312 1605 Nolite
339 1575 466 1608 vetare
491 1583 639 1618 pueros,
662 1583 749 1608 nam
778 1573 807 1608 si
827 1584 921 1609 san—

149 1615 198 1650 cti
220 1616 333 1652 futuri
354 1622 454 1663 sunt,
477 1619 566 1665 quid
593 1619 726 1654 vetatis
753 1619 851 1656 filios
875 1620 922 1656 ad

149 1662 299 1698 Patrem
318 1665 472 1703 venire?
491 1666 528 1702 Si
554 1669 681 1702 autem
706 1670 922 1712 peccatores

149 1709 264 1745 futuri
295 1714 394 1755 sunt,
426 1712 560 1758 utquid
589 1713 812 1749 sententiam
834 1724 921 1749 con-

148 1755 400 1793 demnationis
417 1758 608 1804 profertis,
623 1763 825 1805 antequam
847 1761 922 1796 cul-

147 1813 235 1849 pam
273 1803 462 1841 videatis?
509 1807 601 1842 Nam
641 1807 770 1852 quales
809 1808 920 1843 modo

147 1852 246 1894 sunt,
269 1860 394 1887 meum
415 1856 496 1897 est3
520 1853 651 1898 quales
669 1857 795 1890 autem
815 1858 920 1900 post-

146 1906 191 1932 ea
211 1896 324 1932 futuri
360 1903 461 1943 sunt,
501 1899 669 1946 ipsorum
708 1901 792 1936 erit.
816 1902 921 1944 Quod

146 1953 246 1995 ergo·
263 1954 389 1982 meum
410 1950 480 1990 est,
502 1947 710 1991 honorate,
731 1949 831 1993 quod
853 1959 920 1984 au-

146 1993 223 2025 tem
238 1990 387 2029 illorum
406 1994 491 2038 erit,
513 1993 760 2030 miseremini.
783 2008 801 2028 1)

195 2052 214 2083 7
228 2038 304 2080 Quo
325 2052 433 2076 seusu
452 2053 610 2076 mmmm
627 2053 714 2077 seur
736 2054 851 2078 ruam.
878 2063 922 2069 —

149 2084 194 2118 Et
228 2086 450 2132 subjungit:
491 2090 634 2124 Talium
666 2093 717 2124 est
749 2092 844 2124 enim
864 2100 922 2124 re-

150 2140 261 2174 9num
298 2135 476 2180 coelorum,
513 2146 590 2170 non
633 2135 722 2171 dicit
747 2135 921 2180 istorum,

151 2177 218 2212 sed
238 2177 383 2225 talium,
404 2184 444 2217 ut
463 2192 540 2217 non
557 2184 633 2217 tam
646 2185 794 2219 aetatem
811 2194 922 2229 quam

150 2223 404 2263 humilitatem
419 2231 455 2263 et
472 2228 727 2264 innocentiam
737 2240 924 2266 commen-

152 2270 234 2323 dm:
252 2273 332 2309 Non
353 2274 534 2319 omnium,
556 2276 621 2311 sed
644 2276 789 2320 talium,
810 2277 847 2312 id
868 2280 923 2313 est

151 2318 346 2364 similium,
367 2325 404 2357 et
419 2321 570 2357 illorum
588 2322 649 2368 qui
671 2323 830 2359 similem
849 2325 924 2360 ha-

150 2364 241 2400 bent
260 2367 509 2405 humilitatem
521 2372 558 2404 et
573 2369 840 2415 innocentiam,
857 2382 924 2417 per

151 2412 317 2450 studium
336 2418 373 2450 et
391 2415 573 2461 laborem,
587 2419 623 2451 et
641 2416 704 2462 qui
724 2417 818 2452 tales
837 2421 924 2453 sunt

154 2467 224 2503 per
244 2471 366 2497 mores
392 2466 428 2497 et
466 2462 636 2508 virtutes,
674 2463 804 2508 quales
837 2468 924 2500 sunt

153 2507 299 2550 parvuli
318 2519 385 2554 per
404 2511 578 2545 naturam
593 2512 629 2545 et
648 2513 809 2546 aetatcm.
829 2512 922 2547 Pue-

148 2561 280 2603 rorum
301 2555 403 2590 enim
425 2555 551 2591 anima
579 2557 626 2592 ab
648 2557 821 2593 omnihus
842 2569 921 2594 ma-

149 2597 195 2633 lis
220 2604 277 2636 est
296 2611 403 2646 pura,
436 2605 473 2637 et
498 2604 678 2647 magistra
700 2603 923 2640 innoeentice

151 2649 191 2683 et
210 2647 450 2692 humilitatis3
473 2653 510 2684 et
522 2650 646 2685 nullus
662 2655 785 2695 potest
803 2651 922 2687 intra-

151 2705 195 2732 re
226 2696 264 2730 111
290 2705 447 2740 regnum
481 2696 672 2737 eoelorum,
711 2697 778 2732 uisi
811 2699 924 2734 fuerit

153 2741 333 2778 innocens
352 2745 389 2777 et
405 2741 571 2785 humilis,
593 2742 680 2788 quia
700 2743 792 2778 nihil
806 2744 925 2790 inqui-

157 2793 284 2826 natum
307 2788 459 2825 intrabit
480 2787 519 2824 in
542 2789 647 2827 illud.
661 2790 778 2832 Unde,
793 2801 923 2828 secun-

999 257 1087 294 dum
1107 258 1378 301 Hieronymum,
1408 265 1485 290 non
1518 253 1570 290 ait
1600 252 1772 294 istorum,

998 305 1064 341 sed
1076 306 1220 348 talium,
1241 307 1280 339 ut
1292 303 1509 339 ostenderet
1521 311 1597 337 non
1621 301 1771 352 {etatem

998 363 1169 397 regnare,
1190 351 1256 387 sed
1271 361 1417 395 mores3
1441 353 1477 385 et
1493 350 1567 390 his,
1591 358 1654 399 qui
1668 355 1772 398 simi-

998 399 1071 435 lem
1101 400 1285 435 haberent
1311 396 1568 433 innocentiam
1595 392 1771 444 similem-

998 442 1770 494 quesimplieitatempraemiumrepromit3

996 493 1038 538 ti,
1052 494 1098 530 de
1119 493 1253 539 quibus
1272 492 1472 538 Apostolus
1491 502 1499 525 :
1516 490 1639 526 Nolite
1663 496 1770 540 pueri

995 543 1076 586 fieri
1115 541 1299 583 sensibu33
1345 539 1407 574 sed
1436 538 1584 573 malitia
1617 534 1769 581 parvuli

997 591 1118 630 estote,
1156 598 1262 622 sensu
1298 590 1417 622 autem
1452 583 1619 631 perfecti.
1662 580 1770 616 Unde

996 636 1212 671 Ambrosius
1238 645 1246 670 :
1275 647 1293 666 «
1336 635 1417 668 Non
1450 635 1542 667 aetas
1567 628 1772 676 praefertur

998 681 1115 726 aetati,
1160 679 1328 726 alioquin
1364 680 1512 715 obesset
1540 676 1770 713 adolescere.

997 730 1070 766 Cur
1096 739 1184 774 ergo
1204 738 1342 775 pueros
1363 730 1471 772 aptos
1492 725 1582 761 dicit
1609 731 1776 775 esse-re-

998 787 1070 822 gno
1086 776 1292 811 eoelorum?
1310 776 1483 810 Fortasse
1496 771 1583 818 quia
1593 770 1775 823 malitiam

998 823 1181 867 nesciant,
1199 822 1376 858 fraudare
1400 831 1475 856 non
1504 819 1692 871 noyerint,
1713 826 1777 851 re—

998 871 1112 907 ferire
1130 881 1205 906 non
1219 869 1395 912 audeant,
1409 870 1567 903 scrutari
1589 867 1776 910 ignorent,

999 913 1108 964 opes,
1124 918 1306 952 honorem
1350 920 1385 951 et
1405 913 1672 965 ambitionem,
1699 919 1777 962 non

999 965 1204 1011 appetant?
1225 964 1296 1000 Sed
1317 973 1392 998 non
1416 964 1593 1008 ignorare
1614 962 1685 994 ista
1700 967 1776 1009 vir-

998 1015 1061 1048 tus
1087 1015 1156 1055 est,
1178 1016 1237 1047 ast
1267 1014 1524 1046 contemnere.
1564 1009 1645 1044 Non
1678 1014 1778 1040 enim

997 1060 1118 1094 virtus
1154 1061 1212 1094 est
1246 1069 1322 1093 non
1362 1067 1472 1103 posse
1507 1063 1677 1102 peccare,
1712 1050 1778 1086 scd

999 1106 1112 1141 nolle.
1130 1107 1210 1141 Non
1229 1105 1342 1149 igitur
1363 1103 1538 1150 pueritia,
1561 1102 1625 1137 sed
1653 1109 1776 1150 {emu-

998 1152 1034 1188 la
1055 1152 1209 1198 puerilis
1232 1150 1482 1197 simplicitatis
1504 1149 1655 1186 bonitas
1677 1146 1776 1182 dest-

999 1203 1148 1245 gnatur.
1182 1213 1200 1231 ³)
1247 1199 1350 1234 Unde
1389 1201 1425 1233 et
1461 1199 1734 1247 Chrysostomzcs
1767 1204 1775 1227 :

1001 1260 1017 1279 «
1040 1248 1084 1281 Et
1100 1256 1169 1281 nos
1190 1245 1330 1291 itaque,
1351 1244 1381 1279 si
1403 1244 1576 1280 volumus·
1598 1243 1681 1278 fieri
1702 1241 1775 1275 lie-

997 1293 1106 1328 redes
1129 1292 1321 1336 coelorum,
1353 1292 1530 1327 virtutem
1562 1291 1659 1326 hanc
1691 1297 1774 1323 cuin

998 1340 1115 1376 multa
1151 1339 1409 1385 possideamus
1443 1337 1651 1383 diligentia.
1689 1336 1774 1386 Ete3

998 1387 1076 1422 nim
1099 1387 1145 1422 ab
1164 1386 1338 1423 omnibus
1353 1385 1461 1421 malis
1480 1395 1574 1431 pura
1589 1386 1646 1420 est
1668 1392 1775 1428 pueri

998 1433 1138 1474 anima,
1161 1437 1198 1469 et
1227 1444 1355 1469 eorum
1377 1433 1439 1478 qui
1461 1430 1777 1481 contristaverunt

998 1491 1073 1516 non
1105 1484 1351 1524 memoratur,
1376 1481 1441 1516 sed
1474 1483 1515 1515 ut
1549 1479 1597 1514 ad
1633 1486 1776 1513 amieos·

997 1527 1157 1571 accedit,
1184 1528 1277 1563 sicut
1298 1527 1399 1563 nullo
1427 1527 1550 1568 sacto;
1585 1528 1621 1561 et
1654 1533 1774 1578 quan-

998 1578 1241 1620 tumcumque
1256 1585 1277 1609 a
1290 1578 1408 1610 matre
1422 1573 1632 1625 flagellatus
1648 1572 1774 1613 tuerit,

998 1622 1095 1657 hanc
1126 1621 1297 1666 inquirit,
1321 1625 1357 1657 et
1382 1632 1459 1667 prae
1487 1620 1661 1655 Omnlbus
1692 1627 1773 1669 eam

997 1668 1244 1714 appretiatur,
1266 1672 1301 1704 et
1323 1667 1353 1703 si
1376 1667 1546 1713 reginam
1565 1665 1775 1718 ostenderis

998 1726 1081 1751 cum
1103 1715 1329 1760 diademato,
1357 1726 1434 1750 non
1470 1717 1658 1760 praeponit
1678 1712 1774 1746 hanc

998 1761 1109 1797 matri
1133 1762 1251 1797 cilicio
1274 1761 1552 1807 superindutae3
1582 1765 1618 1796 et
1643 1768 1773 1812 neces—

998 1808 1106 1845 sariis
1117 1808 1209 1844 nihil
1228 1808 1492 1855 plusiuquirit;
1513 1818 1583 1843 non
1604 1808 1775 1857 tristatur

998 1856 1035 1891 in
1057 1855 1189 1901 quibus
1215 1867 1281 1891 uos
1296 1885 1304 1901 ,
1323 1861 1411 1902 puta
1432 1855 1572 1890 damno
1593 1862 1774 1905 pecunia-

998 1913 1094 1947 rum,
1107 1906 1143 1938 et
1154 1903 1309 1947 talibus3
1324 1914 1398 1938 non
1419 1903 1568 1938 laetatur
1590 1903 1627 1936 in
1640 1900 1774 1946 quibus

999 1960 1078 1993 nos,
1107 1955 1198 1996 puta
1218 1951 1257 1985 in
1294 1949 1547 1995 temporaneis
1582 1948 1665 1991 his;
1700 1956 1774 1982 non

997 1997 1148 2043 respicit
1167 1997 1213 2032 ad
1234 1997 1537 2042 pulchritudines
1558 2003 1773 2041 corporum,

997 2044 1230 2090 propterlioc
1242 2044 1332 2079 dixit
1344 2045 1544 2079 Dominus:
1561 2044 1703 2078 Talium
1723 2043 1774 2075 est

997 2093 1090 2127 enim
1099 2102 1248 2134 reqnum
1260 2093 1437 2135 coelorum,
1448 2095 1489 2126 ut
1500 2089 1683 2141 electione
1694 2089 1774 2123 hsee

1000 2148 1222 2184 operemur,
1243 2148 1325 2183 quae
1353 2149 1374 2173 a
1403 2142 1538 2173 natura
1563 2146 1669 2183 pueri
1704 2135 1774 2170 ha-

997 2186 1089 2221 bent
1110 2198 1120 2220 :
1143 2198 1161 2217 »
1185 2185 1264 2220 haec
1285 2186 1568 2229 chrysostomus.
1598 2185 1692 2220 Sunt
1713 2193 1777 2234 au-

998 2236 1073 2268 tem
1111 2232 1239 2268 decem
1277 2232 1527 2278 proprietates
1577 2231 1688 2267 bonae
1735 2239 1775 2264 111

998 2278 1138 2326 pueris,
1176 2290 1267 2324 quas
1298 2279 1361 2325 qui
1397 2279 1589 2322 imitatur,
1614 2285 1774 2329 regnum

999 2326 1179 2362 coelorum
1193 2329 1456 2372 consequetur,
1477 2336 1559 2372 quae
1574 2327 1662 2361 sunt
1688 2334 1696 2358 :
1720 2333 1775 2376 111-

1000 2372 1184 2415 nocentia,
1196 2373 1319 2408 cordis
1331 2373 1529 2417 munditia,
1543 2371 1774 2414 obedientia,

1001 2419 1235 2466 simplicitas,
1258 2420 1465 2464 humilitas,
1487 2420 1640 2461 veritas,
1659 2418 1774 2470 malo-

1000 2477 1085 2503 rum
1102 2466 1292 2502 illatorum
1315 2466 1607 2507 immemoratio,
1639 2466 1776 2518 fortui-

998 2518 1122 2549 torum
1139 2513 1242 2549 nulla
1263 2516 1463 2559 reputatio,
1478 2511 1513 2550 et
1527 2516 1773 2559 praesentium

1000 2560 1107 2596 valde
1122 2571 1323 2606 parvorum
1348 2562 1395 2597 ad
1416 2561 1684 2597 sufficientiam
1703 2570 1772 2595 ac-

1002 2606 1137 2653 ceptio.
1168 2608 1280 2643 Plura
1301 2608 1346 2643 de
1367 2609 1438 2644 hoc
1459 2609 1575 2644 habes
1589 2608 1773 2652 superius.

1050 2658 1070 2689 S
1088 2656 1267 2691 HUMILuni
1282 2667 1509 2691 momms—
1529 2655 1671 2691 Deinde
1691 2664 1775 2701 par-

1001 2701 1104 2737 vulos
1139 2701 1209 2738 sibi
1230 2702 1376 2737 oblatos
1408 2703 1588 2738 Dominus
1614 2702 1774 2738 dulciter

1002 2748 1161 2794 saseepit
1194 2760 1204 2782 .·
1239 2751 1287 2784 Et
1320 2751 1552 2795 compieaeans
1579 2760 1648 2793 eos,
1669 2752 1705 2785 et
1734 2749 1772 2785 in

1001 2795 1098 2832 ulnis
1118 2794 1308 2841 detinens,
1331 2796 1367 2831 in
1389 2796 1539 2841 signum
1562 2796 1662 2842 quod
1681 2796 1771 2832 sim-
