1907 3139
129 244 167 277 5¹1
579 243 790 279 SECUNDAE
826 242 982 276 PARTIS
1021 241 1158 278 CAPUT
1200 242 1282 275 VIII

135 312 208 351 Sed
227 315 264 350 et
284 315 384 351 Deus
404 314 509 351 novit
530 312 670 359 omnia,
704 325 833 352 vocem
856 318 912 352 ta-

132 372 222 398 men
240 365 314 398 tuae
341 361 590 399 confessionis
610 366 798 409 exspectat
821 375 828 399 :
847 365 914 400 Ore

132 411 227 445 enim
258 411 436 455 confessio
468 413 509 456 fit
541 411 590 445 (1ιῦ
619 412 788 448 salutem.
818 412 911 447 Con-

126 458 235 493 fitere
252 468 340 504 ergo
351 457 484 504 magis,
504 460 541 493 ut
554 457 781 494 interveniat
796 469 862 504 pro
877 463 911 495 te

73 511 78 515 “
131 504 320 549 Christus,
343 515 455 551 quem
476 505 699 541 advocatum
727 507 910 542 habemus

126 552 228 599 apud
247 554 416 597 Patrem,
434 555 545 598 roget
561 552 743 597 Ecclesia,
760 553 908 600 illacry-

126 605 204 636 met
225 600 410 646 populus;
443 610 512 635 nec
546 611 704 636 vereare
750 611 799 636 ne
833 612 907 637 non

127 646 330 693 impetres:
349 647 556 683 advocatus
569 647 730 693 spondet
743 647 907 693 veniam,

127 698 312 741 patronus
337 694 526 741 promittit
560 696 737 739 granam,
774 706 906 731 recon-

128 740 358 778 ciliationem
373 741 439 777 tibi
463 746 633 788 paternae
653 741 804 788 pietatis
831 743 907 789 pol-

130 788 266 825 licetur
288 791 468 825 assertor.
499 789 631 833 Crede,
654 790 743 835 quia
769 790 907 826 veritas

131 839 188 872 est
204 848 212 881 ;
232 837 445 882 acquiesce,
461 836 550 882 quia
564 836 682 872 virtus
696 840 752 872 est
766 848 774 882 ;
794 838 907 874 habet

131 894 281 919 causam
309 886 348 920 ut
364 894 432 930 pro
452 886 490 919 te
511 883 751 929 interveniat,
773 896 820 921 ne
840 896 907 931 pro

130 933 166 967 te
184 931 302 977 gratis
323 933 492 966 mortuus
514 930 560 966 sit
579 944 590 975 ,·
613 931 726 968 habet
749 934 785 968 et
824 943 908 968 cau-

129 989 209 1014 sam
224 977 446 1024 ignoscendi
465 980 589 1019 Pater,
611 978 699 1024 quia
718 978 906 1024 quodvult

130 1025 258 1069 Filius,
282 1025 361 1061 vult
377 1026 501 1061 Pater.
523 1025 696 1061 Occurrit
718 1026 800 1070 tihi,
820 1027 908 1073 quia

127 1071 232 1108 audit
248 1075 285 1108 te
304 1071 406 1108 intra
425 1072 562 1108 mentis
578 1076 726 1109 secreta
744 1077 908 1110 tractan-

126 1122 217 1155 tem.
241 1121 284 1154 Et
304 1128 391 1155 cum
427 1120 554 1155 adhuc
576 1120 689 1165 longe
719 1121 784 1165 sis,
806 1120 908 1157 videt

125 1169 161 1202 et
181 1167 366 1203 accurrIt:
387 1166 490 1202 videt
514 1165 551 1201 in
566 1171 718 1213 pectore
739 1170 818 1209 tuo,
849 1179 907 1204 ac-

127 1213 258 1258 currit,
279 1224 325 1249 ne
349 1211 433 1260 quis
466 1213 661 1260 impefflat,
695 1214 908 1261 complecti-

128 1264 189 1296 tur
209 1272 371 1306 quoque.
389 1262 431 1297 In
450 1271 608 1297 occursu
620 1262 825 1309 praesenlia
836 1266 906 1307 est,

130 1309 169 1344 in
190 1308 362 1355 amplexu
396 1308 593 1345 clementia
632 1312 668 1345 et
691 1309 796 1355 quasi
830 1309 909 1356 qui-

129 1354 217 1391 dam
252 1354 363 1401 patrii
398 1355 538 1392 amoris
577 1357 731 1393 effectus
751 1369 759 1401 ;
796 1368 909 1403 supra

133 1402 271 1438 collum
294 1402 406 1447 cadit,
432 1406 471 1439 ut
497 1403 688 1449 jacentem
709 1404 842 1450 erigat,
869 1407 908 1440 ut

136 1453 336 1486 oneratum
360 1451 525 1496 peccatis
542 1454 654 1497 atque
690 1452 726 1487 in
758 1455 909 1488 terrena

137 1497 324 1533 defluxum
348 1499 518 1534 reflectat
532 1499 577 1534 ad
600 1499 751 1539 coelum,
776 1500 813 1535 in
833 1510 907 1545 quo

139 1554 248 1581 suum
280 1547 426 1591 quaerat
462 1546 679 1583 Auctorem.
720 1546 828 1583 Cadit
870 1545 909 1582 in

979 315 1121 353 collum
1154 316 1264 351 tuum
1291 311 1470 358 Christus,
1498 313 1539 347 ut
1573 308 1756 347 cervicem

975 365 1069 411 jugo
1093 365 1207 399 exuat
1243 359 1445 403 servitutis,
1483 363 1519 395 et
1555 358 1650 395 collo
1690 361 1755 394 tuo

974 414 1105 458 Jugum
1129 421 1242 447 suave
1266 407 1489 454 suspendat:
1512 420 1530 439 »
1565 407 1646 442 haee
1664 406 1756 442 Am-

979 460 1134 495 brosius.

1027 509 1067 542 18
1102 506 1246 541 Posim
1270 516 1451 540 nmicssivni
1478 515 1566 539 SUNT
1586 514 1653 538 NEC
1686 514 1752 539 UN-

975 565 1071 595 QUAu
1092 564 1357 588 coxrennexm.
1375 573 1417 578 —
1433 551 1640 587 Considera
1654 560 1754 603 nunc

974 612 1018 638 ex
1056 600 1276 647 praemissis,
1314 610 1426 645 quam
1466 597 1593 633 multis
1628 598 1752 633 modis

976 649 1119 684 inducit
1136 648 1202 683 'nos
1224 649 1336 692 Deus,
1356 651 1398 682 ut
1418 645 1574 692 pusillos
1607 648 1644 680 et
1677 644 1757 697 hu·—

975 696 1082 731 miles
1110 694 1322 740 diligamus.
1347 704 1414 729 nec
1437 693 1602 739 aliquem
1623 703 1666 727 ex
1696 692 1756 727 his

975 742 1342 786 contemnamus‚sed
1355 741 1513 776 salutem
1526 750 1654 775 eorum
1673 749 1756 774 cum

973 789 1168 837 diligentia
1194 799 1419 836 quaeramus.
1456 788 1558 823 Unde
1592 787 1754 830 Chryso-

974 841 1110 874 stomus
1133 849 1141 873 :
1162 850 1179 871 «
1200 836 1312 874 Vides
1332 847 1399 883 per
1419 839 1509 880 quot
1528 833 1670 870 inducit
1689 843 1757 869 nos

973 886 1019 922 ad
1050 884 1178 920 vilium
1219 885 1376 920 fratrum
1414 882 1662 934 diligentiam,
1709 891 1757 916 ne

974 932 1105 978 utique
1144 934 1429 968 contemnamus
1468 931 1561 965 tales
1597 937 1755 964 animas.

974 979 1121 1016 Etenim
1142 979 1222 1015 haec
1240 978 1366 1015 omnia
1381 977 1481 1013 dicta
1495 979 1582 1013 sunt
1599 978 1756 1028 propt-er

974 1028 1069 1071 hoc;
1111 1025 1237 1062 omnia
1274 1036 1362 1072 ergo
1404 1028 1491 1061 sunt
1529 1022 1756 1066 tolerabilia,

974 1077 1130 1121 propter
1149 1074 1309 1110 salutem
1330 1071 1470 1108 fratris.
1491 1073 1545 1107 Ita
1567 1069 1668 1106 enim
1684 1071 1756 1106 stu-

975 1121 1233 1157 diosissimum
1255 1120 1344 1166 quid
1362 1121 1437 1155 Deo
1459 1121 1514 1154 est
1545 1117 1688 1160 anima,
1709 1119 1753 1169 ut

975 1179 1100 1214 neque
1118 1169 1273 1214 proprio
1295 1167 1386 1203 FiIio
1421 1177 1487 1202 suo
1523 1168 1757 1212 pepercerim

976 1215 1078 1260 ideo,
1098 1226 1206 1261 rogo,
1234 1225 1344 1251 mane
1374 1216 1593 1260 apparente,
1624 1210 1758 1247 confe—

977 1264 1063 1299 stim
1092 1266 1273 1298 exeuntes
1311 1273 1332 1297 a
1367 1262 1493 1305 domo,
1514 1261 1611 1313 hanc
1645 1268 1759 1295 unam

975 1308 1229 1346 intentionem
1264 1310 1485 1352 habeamus,
1514 1311 1551 1343 et
1579 1306 1681 1360 idem
1709 1305 1757 1358 ad

976 1368 1108 1393 omnes
1145 1356 1325 1401 studium,
1347 1360 1387 1392 ut
1409 1365 1495 1391 eum
1525 1365 1587 1400 qui
1603 1352 1754 1400 pericli-

974 1408 1075 1440 tatur
1092 1404 1318 1450 eripiamus;
1340 1415 1417 1439 non
1441 1402 1523 1438 dico
1539 1403 1609 1437 hoc
1633 1400 1757 1436 solum

976 1451 1152 1488 sensibile
1174 1451 1397 1498 periculum,
1423 1451 1485 1485 sed
1519 1449 1556 1484 id
1576 1447 1678 1494 quod
1703 1448 1760 1499 est

976 1499 1128 1542 aniinae,
1154 1500 1189 1534 id
1205 1502 1261 1535 est
1284 1499 1382 1545 quod
1407 1508 1428 1533 a
1451 1496 1602 1533 diabolo
1625 1496 1757 1531 homi—

974 1545 1086 1584 nibus
1106 1546 1266 1583 insertur
1287 1557 1295 1582 :
1319 1559 1338 1579 »
1365 1546 1446 1581 haec
1465 1546 1757 1589 chrysostomus.

860 1672 1031 1708 ORATIO

177 1776 286 1818 Veni,
302 1776 459 1813 Domine
478 1778 579 1819 Jesu‚
598 1788 724 1823 quaere
743 1788 892 1814 servum
908 1781 1014 1814 tuum
1035 1790 1042 1823 ;
1065 1779 1165 1823 veni,
1185 1781 1311 1822 pastor
1328 1779 1441 1824 bone,
1472 1791 1598 1827 quaere
1626 1789 1759 1816 erran-

130 1826 206 1859 tem
232 1827 269 1859 et
288 1824 422 1860 lassam
440 1835 547 1860 ovem
568 1827 696 1869 tuam;
720 1825 818 1870 veni,
842 1827 982 1871 Sponse
1014 1827 1144 1862 matris
1170 1827 1359 1871 Ecclesiae,
1383 1838 1510 1873 quaere
1539 1829 1758 1864 drachmam

130 1871 340 1916 perditam3
366 1872 464 1916 veni,
489 1874 599 1908 Pater
616 1873 896 1917 misericordize,
918 1872 1040 1919 recipe
1061 1874 1180 1909 filium
1211 1875 1408 1921 prodigum
1431 1876 1478 1912 ad
1500 1880 1535 1912 te
1571 1885 1759 1911 reverten-

132 1922 221 1953 tem.
240 1918 419 1954 Veninon
436 1930 517 1955 cum
529 1920 714 1965 virgased
728 1931 811 1956 eum
824 1920 1501 1966 caritate,etspiritusmansuetudine
1519 1935 1527 1967 ;
1548 1924 1632 1959 veni
1654 1933 1759 1968 ergo,

132 1966 303 2010 Domine,
325 1967 412 2012 quia
431 1967 532 2002 solus
553 1977 591 2002 es
613 1968 675 2012 qui
696 1967 817 2014 possis
839 1972 1027 2004 errantem
1050 1979 1242 2013 revocare,
1260 1971 1447 2015 perditum
1466 1970 1649 2015 invenire,
1673 1980 1759 2015 pro-

136 2012 267 2057 fugum
292 2013 561 2058 reconciliare;
587 2014 686 2057 veni,
717 2018 755 2050 ut
780 2016 891 2051 facies
917 2016 1075 2051 salutem
1105 2016 1144 2052 in
1177 2019 1300 2061 terris,
1320 2019 1497 2064 gandium
1518 2017 1557 2053 in
1578 2019 1703 2062 coeli53
1724 2020 1761 2052 et

134 2063 309 2096 converte
330 2071 389 2097 me
419 2061 467 2097 ad
501 2065 551 2106 te,
575 2065 611 2096 et
638 2062 685 2098 da
706 2061 798 2098 mihi
818 2073 947 2099 veram
970 2067 1007 2099 et
1032 2063 1235 2109 perfectam
1263 2065 1524 2111 poenitentiam
1554 2076 1680 2112 agere,
1717 2067 1759 2099 ut

136 2107 206 2142 sim
225 2105 377 2154 Angelis
396 2107 545 2146 occasio
567 2108 721 2152 laetitiae,
750 2111 909 2147 Domine
929 2111 1026 2148 Deus
1047 2111 1180 2149 salutis
1196 2123 1303 2151 meze.
1324 2114 1458 2150 Amen.

781 2322 965 2370 CAPUT
1011 2324 1105 2371 VIII

372 2457 421 2485 DE
451 2457 558 2487 MODO
588 2458 868 2489 CORREPTIONIS
888 2461 1119 2499 FRATERNAE,
1136 2463 1187 2491 ET
1207 2462 1256 2490 DE
1274 2464 1521 2495 DIMITTENDO

626 2511 770 2542 FRATRI
814 2514 1058 2547 SEPTUAGIES
1087 2517 1262 2547 SEPTIES.

743 2619 904 2655 Matthaei
927 2630 1008 2667 cap.
1025 2621 1152 2659 XVIII.

192 2754 205 2777 1
237 2740 457 2776 PRAECEPTUM
480 2751 734 2777 CORREPTIONIS
759 2754 913 2781 FRATER-

140 2799 208 2824 ΝΕ.
225 2808 269 2815 -
290 2789 347 2833 Et,
363 2788 451 2834 quia
463 2789 561 2824 Deus
575 2790 713 2835 gaudet
726 2790 772 2826 de
789 2802 915 2837 pecca-

141 2839 224 2873 tore
244 2845 444 2883 converso,
459 2839 735 2883 consequenter
749 2838 916 2877 Christus

983 2747 1047 2784 dat
1064 2748 1216 2785 modum
1236 2749 1441 2786 reducendi
1462 2755 1697 2797 peccatorem
1711 2755 1759 2792 ad

983 2795 1359 2849 ovile-Dominicum;
1382 2803 1419 2835 et
1453 2800 1639 2845 quomodo
1669 2812 1755 2849 per-

984 2846 1086 2879 eunti
1113 2853 1180 2890 per
1220 2844 1367 2892 culpam
1403 2850 1644 2885 succurratur
1686 2859 1755 2895 per
