1907 3139
142 178 199 212 334
629 175 836 210 SECUNDAE
874 174 1031 210 PARTIS
1071 175 1209 213 CAPUT
1248 175 1316 208 Lli'

139 246 250 284 nitus
269 244 502 290 auferantur,
524 243 591 281 sed
608 244 648 280 in
670 244 742 281 illis
761 254 831 280 nos
849 255 931 279 eru-

145 294 225 330 diat
241 295 361 337 Deus;
381 295 421 329 ut
437 302 521 328 cum
540 291 687 328 minora
704 302 834 327 cavere
852 301 928 326 non

146 351 360 388 possumus,
382 339 473 376 certi
502 339 618 375 simus
639 340 737 384 quod
759 348 833 373 non
857 348 927 373 no-

147 389 235 425 stris
255 388 395 424 viribus
412 387 559 433 majora
580 395 813 431 superemus,
835 395 928 420 sem-

145 445 289 483 perque
306 433 474 470 timorati
489 436 526 469 et
543 433 694 468 omnino
713 430 859 467 solliciti
877 431 926 467 si-

146 493 244 524 mus,
261 481 449 528 quomodo
464 481 543 526 ejus
556 480 715 526 gratiam
730 488 805 513 non
821 478 928 514 amit-

145 532 284 574 tamus,
300 539 412 575 quam
426 526 924 572 nobismetipsistantopere‚

146 580 183 612 et
216 580 293 612 tam
327 574 530 611 multifarie
563 572 815 608 necessariam
846 583 926 608 esse

148 622 330 660 sentimus
353 633 361 657 :
388 635 406 656 »
434 623 514 657 haec
534 620 755 656 Bernczrdus.
784 618 925 654 Deinde

147 671 329 707 Dominus
347 667 539 714 subjungit
560 679 567 702 :
588 669 635 702 Et
654 677 729 710 ros,
751 665 925 712 discipuli

145 719 218 753 mei
240 716 395 756 scilicet,
420 715 549 750 mundi
569 716 677 756 estis‚·
703 714 790 759 quia
816 724 837 748 a
864 723 924 749 me

145 765 346 801 mundati.
390 761 599 798 Secundum
643 762 922 805 Auqustz'num,

147 814 256 848 erant
281 809 426 852 mundi,
455 812 635 854 quantum
659 808 705 843 ad
729 818 863 843 manus
889 810 926 842 et

146 859 194 894 ad
214 863 346 904 caput;
368 867 444 892 non
464 858 645 901 quantum
667 855 713 890 ad
736 855 860 900 pedes.
883 856 926 889 Et

145 905 316 951 sequitur
338 915 346 939 :
369 904 440 940 Sed
467 914 537 937 non
562 912 693 937 omnes.
724 903 802 937 Duo
824 900 923 936 enim

146 955 233 988 sunt
252 950 458 998 praecipua,
473 949 608 995 quibus
623 950 734 984 homo
756 959 776 983 a
795 958 925 994 pecca-

145 1000 194 1035 tis
212 998 429 1041 mundatur,
452 996 593 1032 scilicet
615 995 865 1041 eleemosyna,
887 997 924 1030 et

149 1044 306 1088 caritas;
329 1044 432 1090 atqui
456 1046 586 1078 contra
608 1044 787 1088 primum,
808 1041 924 1078 Judas

148 1091 344 1129 Iscariotes
359 1091 418 1127 fur
435 1093 534 1134 erat;
551 1093 680 1125 contra
699 1089 923 1132 secundum,

148 1139 285 1176 Christi
304 1137 498 1185 proditor3
516 1139 553 1173 et
568 1136 652 1171 ideo
668 1147 743 1171 non
761 1135 922 1172 mundus

147 1191 239 1223 erat.
263 1186 321 1222 Sic
343 1195 432 1230 ergo
452 1195 520 1230 per
532 1183 670 1230 pedum
691 1182 923 1219 ablutionem

147 1232 357 1279 designavit
374 1233 556 1268 Dominus
573 1232 681 1266 Jesus
699 1230 923 1265 munditiam

147 1279 399 1327 spiritualium
417 1279 568 1324 pedum,
588 1288 669 1323 quae
690 1277 849 1313 maxime
869 1287 924 1312 re-

146 1327 319 1374 quiritur,
342 1326 382 1362 in
408 1325 650 1361 Eucharistiae
671 1324 922 1370 perceptione.

147 1377 191 1411 Et
214 1375 299 1410 ideo
324 1373 443 1409 voluit
466 1373 590 1408 lavare
616 1372 729 1418 pedes
753 1370 924 1417 discipu-

145 1423 269 1458 lorum
300 1430 467 1466 suorum,
499 1424 701 1465 antequam
734 1419 839 1454 daret
871 1417 924 1453 eis

148 1469 205 1506 sui
232 1467 408 1514 Corporis
431 1470 721 1511 sacramentum,
749 1466 796 1501 ad
823 1465 923 1500 desi-

147 1516 340 1563 gnandum
375 1514 475 1560 quod
506 1512 710 1559 spiritualis
741 1511 927 1548 munditia

153 1562 360 1610 requiritur
393 1561 440 1597 ad
474 1560 595 1606 ipsum
628 1559 924 1606 percipiendum.

150 1612 253 1647 Unde
274 1609 327 1645 ait
345 1609 565 1644 Anselmus:
585 1622 604 1640 «
619 1609 761 1652 Corpus
782 1609 817 1642 et
839 1607 926 1641 San-

150 1657 302 1704 guinem
320 1665 426 1691 suum
445 1654 635 1700 discipulis
654 1654 744 1697 suis,
762 1652 800 1688 in
822 1662 928 1688 coena

150 1703 308 1750 mystica
329 1702 495 1745 tradens,
518 1711 647 1737 eorum
672 1701 783 1746 pedes
804 1699 927 1735 humi-

149 1753 235 1788 liter
271 1749 375 1794 lavit,
409 1749 549 1784 docens
576 1751 815 1784 sacrosancta
841 1756 928 1792 my—

150 1798 265 1835 steria
286 1795 436 1832 mundis
459 1796 650 1840 operibus,
676 1798 712 1830 et
736 1794 798 1840 pia
823 1804 928 1828 men-

148 1847 197 1882 tis
224 1844 434 1881 humilitate
461 1842 699 1878 celebranda.
731 1855 749 1873 υ
777 1839 930 1886 Mystice

153 1892 266 1929 etiam
290 1890 523 1937 significatur
546 1890 628 1935 ejus
653 1888 849 1934 sanguinis
874 1887 928 1939 es-

151 1939 263 1982 fusio,
293 1949 360 1985 per
382 1938 453 1973 hoc
474 1940 573 1982 quod
603 1936 705 1972 misit
733 1945 868 1980 aquam
892 1944 931 1969 ln

151 1985 312 2034 pelvim;
349 1988 385 2021 et
429 1987 668 2031 peccatorum
714 1987 930 2018 nostrorum

152 2034 311 2076 ablutio,
343 2043 410 2078 per
440 2035 509 2067 hoc
538 2031 637 2076 quod
665 2031 777 2076 coepit
806 2029 931 2064 lavare

153 2081 268 2128 pedes
287 2079 575 2125 discipulorum3
595 2088 637 2113 ac
654 2086 850 2123 poenarum
868 2086 932 2111 no-

156 2132 318 2164 strarum
340 2126 378 2161 in
405 2125 528 2171 seipso
551 2124 750 2170 susceptio,
770 2133 836 2169 per
861 2123 933 2158 hoc

156 2175 257 2221 quod
279 2173 387 2210 tersit
404 2175 518 2219 pedes
538 2171 669 2216 linteo,
692 2171 832 2207 scilicet
855 2180 934 2205 cor-

157 2223 260 2269 poris
280 2220 349 2262 sui‚
368 2220 455 2266 quia
473 2223 621 2265 peccata
638 2222 763 2254 nostra
779 2217 935 2264 pertulit

156 2273 196 2305 in
217 2278 362 2314 corpore
378 2278 455 2311 suo,
477 2277 586 2312 super
605 2268 757 2310 lignum.

203 2331 222 2362 7
245 2316 413 2351 LAVATUR
433 2326 474 2349 ET
495 2326 572 2348 IPSE
604 2314 714 2349 JUDAS
746 2325 932 2350 PRODITOR.

156 2383 203 2389 ——
219 2362 290 2398 Alii
313 2365 435 2397 autem
455 2359 647 2406 discipuli;
669 2360 796 2396 audita
813 2372 936 2407 repre-

158 2409 338 2445 hensione
366 2407 480 2451 Petri,
502 2408 547 2443 de
568 2408 638 2442 hoc
664 2408 763 2452 quod
783 2418 936 2443 recusa-

158 2460 264 2492 verat
282 2453 540 2501 hujuscemodi
566 2453 761 2498 lotionem,
783 2466 859 2490 non
879 2455 935 2490 su-

160 2506 269 2540 erunt
295 2501 377 2538 ausi
404 2501 503 2537 ultra
528 2500 738 2546 aliqualiter
764 2512 937 2537 recusare

158 2560 255 2587 eam.
286 2550 490 2585 Considera
514 2558 613 2583 nunc
638 2549 734 2583 bene
769 2548 937 2593 singulos

159 2601 278 2641 actus,
296 2598 334 2632 in
352 2596 422 2631 hac
439 2593 708 2640 benignissima
722 2594 862 2631 lotione
877 2606 938 2641 pe-

162 2645 265 2689 dum,
301 2644 402 2679 omni
431 2641 631 2677 dilectione
665 2646 702 2677 et
728 2641 936 2678 humilitate

159 2691 286 2739 plena,
314 2693 350 2726 et
378 2699 461 2725 cum
486 2687 734 2724 admiratione
765 2690 937 2734 conspice

162 2749 246 2785 quae
267 2742 462 2785 geruntur,
485 2734 572 2781 quia
599 2737 685 2770 sunt
701 2734 847 2771 devota.
870 2737 937 2771 ln—

162 2785 277 2824 clinat
294 2795 335 2821 se
353 2793 501 2820 summa
522 2781 712 2828 maJ‘estas.
739 2785 774 2817 et
791 2782 937 2819 humili-

1004 244 1092 280 tatis
1116 243 1307 290 Magister,
1335 252 1449 289 usque
1486 241 1533 279 ad
1553 241 1780 288 piscatorum

1005 292 1130 337 pedes.
1153 292 1231 328 Stat
1252 290 1467 326 incurvatus
1487 293 1523 326 et
1540 289 1697 336 genibus
1714 290 1781 326 fle-

1004 338 1056 374 xis
1077 349 1203 374 coram
1224 337 1313 384 ipsis
1327 337 1559 381 sedentibus,
1576 337 1675 373 lavat
1694 347 1779 382 pro-

1003 385 1094 431 priis
1112 385 1284 421 manibus
1305 388 1340 420 et
1360 385 1554 430 abstergit,
1567 395 1609 420 ac
1630 384 1784 420 deoscu-

1002 433 1101 469 latur
1121 433 1234 479 pedes
1257 431 1437 468 omniurn.
1468 432 1526 468 Sic
1553 442 1641 477 ergo
1667 441 1783 477 usque

1003 480 1049 515 ad
1065 483 1177 526 pedes
1198 478 1466 523 discipulorum
1486 480 1667 514 Dominus
1694 488 1782 514 om-

1001 527 1104 563 nium
1141 524 1382 570 semetipsum
1409 525 1601 569 humiliat,
1638 528 1673 561 et
1700 535 1782 571 sup-

1000 574 1084 620 plex
1103 571 1325 608 humilitatis
1348 571 1596 608 ministerium
1616 571 1780 616 exhibet,

1001 618 1649 666 propterhumilitatist'ormam‚non
1662 619 1781 655 solum

1000 668 1129 711 verbo,
1151 666 1215 702 sed
1237 666 1404 711 exemplo
1439 666 1775 702 commendandam

1001 717 1035 749 et
1054 713 1276 749 docendam.
1295 713 1365 749 Sed
1380 717 1415 748 et
1428 712 1518 748 illud
1530 713 1779 759 superexaltat

1000 760 1263 803 humilitatem,
1285 764 1321 795 et
1346 762 1391 795 ad
1421 762 1623 796 maximum
1641 770 1777 796 cumu-

1000 809 1073 844 lum
1095 806 1315 843 humilitatis
1339 809 1496 851 accedit,
1524 807 1623 852 quod
1644 811 1679 842 et
1705 806 1776 853 ipsi

999 854 1180 901 proditori
1197 865 1263 889 suo
1282 856 1412 889 eadem
1426 854 1607 900 obsequia
1618 854 1774 900 praebet,

1000 905 1035 938 et
1062 902 1113 937 illi
1149 912 1223 937 non
1258 901 1479 946 dedignatus
1509 904 1566 937 est
1589 901 1701 947 pedes
1726 901 1776 937 la-

998 960 1099 992 vare,
1129 949 1234 994 cujus
1270 959 1400 984 manus
1433 948 1511 994 jam
1546 948 1777 994 praevidebat

997 996 1218 1042 polluendas
1231 996 1267 1031 in
1280 995 1438 1039 scelere3
1454 995 1491 1031 in
1508 1006 1579 1041 quo
1594 995 1775 1032 Dominus

998 1043 1255 1078 infirmitatem
1278 1048 1446 1078 nostram
1478 1043 1706 1088 consolatur,
1733 1045 1774 1079 ut

998 1089 1028 1126 si
1063 1090 1212 1136 quando
1239 1091 1431 1136 contingat
1463 1100 1531 1126 nos
1563 1090 1610 1126 ab
1642 1089 1773 1126 amicis

997 1137 1118 1182 prodi,
1140 1137 1197 1172 vel
1221 1147 1243 1173 a
1260 1137 1408 1172 famulis
1426 1140 1489 1172 aut
1510 1136 1696 1183 aliquibus
1715 1136 1770 1172 vi-

997 1184 1153 1220 lioribus
1188 1183 1326 1219 malum
1366 1183 1517 1229 aliquod
1555 1183 1647 1230 pati,
1687 1183 1772 1220 ideo

998 1242 1071 1267 non
1089 1230 1396 1275 scandalizemur,
1412 1230 1654 1276 respicientes
1667 1231 1772 1267 Judae

998 1278 1293 1324 exempluni,qui
1312 1277 1470 1313 infinitis
1491 1277 1630 1323 potitus
1647 1277 1770 1324 bonis,

998 1326 1036 1361 in
1052 1325 1280 1361 contrarium
1296 1326 1551 1360 remuneravit
1563 1325 1772 1361 benefacto-

998 1383 1092 1416 rem,
1113 1383 1155 1408 ac
1177 1373 1372 1407 Dominum
1390 1375 1426 1407 et
1440 1372 1671 1417 Magistrum.
1686 1371 1772 1417 Sed,

999 1431 1019 1456 o
1040 1430 1103 1455 cor
1123 1429 1298 1463 nequam,
1320 1421 1355 1454 et
1379 1418 1459 1465 ipsa
1473 1418 1611 1454 duritia
1628 1419 1772 1464 durius,

998 1466 1029 1502 si
1065 1466 1118 1501 sic
1156 1466 1201 1501 ad
1228 1469 1372 1501 tantam
1404 1465 1656 1502 humilitatem
1693 1476 1771 1502 non

999 1512 1168 1558 molliris,
1202 1512 1306 1548 sisic
1339 1514 1539 1548 Dominum
1566 1512 1773 1559 majestatis

1000 1571 1075 1596 non
1096 1559 1251 1603 vereris,
1278 1559 1307 1595 si
1346 1559 1397 1595 sic
1422 1570 1540 1605 usque
1573 1561 1619 1596 ad
1656 1560 1772 1606 ipsius

1001 1618 1147 1652 semper
1158 1606 1224 1643 tibi
1241 1606 1415 1651 benefici,
1432 1617 1654 1653 semperque
1666 1607 1772 1643 inno-

1002 1654 1119 1690 centis
1142 1653 1331 1689 interitum
1357 1653 1487 1689 saevis!
1512 1654 1583 1690 Sed
1611 1665 1666 1690 vae
1688 1653 1772 1699 tibi,

1003 1701 1140 1736 miseri
1173 1702 1225 1736 Tu
1255 1700 1408 1745 quidem
1433 1700 1653 1745 obduratus,
1675 1701 1775 1746 quod

1004 1746 1208 1794 concepisti
1230 1747 1432 1791 parturies;
1449 1758 1523 1783 non
1541 1752 1668 1784 tamen
1682 1748 1774 1794 ipse,

1004 1797 1067 1831 sed
1090 1798 1126 1829 tu
1151 1794 1306 1840 peribis.
1337 1794 1567 1830 Admiranda
1589 1800 1644 1831 est
1663 1795 1776 1842 igitur

1003 1846 1109 1878 tanta
1130 1841 1352 1877 humilitatis
1373 1848 1409 1877 et
1432 1841 1674 1888 benignitatis
1693 1853 1776 1888 pro-

1003 1889 1164 1925 funditas
1173 1889 1319 1924 Domini
1331 1890 1432 1925 Jesu.
1444 1889 1546 1924 Unde
1559 1890 1774 1925 Anselmus:

1006 1951 1024 1969 «
1046 1938 1089 1972 Et
1105 1940 1141 1972 te
1171 1936 1321 1981 quidem
1342 1935 1585 1982 perditissimi
1605 1936 1776 1982 prodito-

1003 1982 1057 2019 ris
1082 1983 1135 2019 tui
1158 1982 1316 2028 perfidia
1345 1994 1420 2018 non
1446 1984 1598 2027 latebat,
1629 1984 1777 2029 quando

1005 2032 1042 2066 in
1064 2031 1133 2066 hac
1154 2041 1261 2066 coena
1279 2029 1495 2073 ablutionis,
1520 2029 1632 2065 etiam
1649 2040 1776 2067 coram

1004 2077 1084 2124 ipso
1101 2088 1199 2123 genu
1222 2078 1316 2113 ssexo
1341 2078 1600 2123 procumbens,
1621 2076 1778 2113 maledi-

1006 2129 1085 2161 ctos
1116 2126 1229 2170 pedes
1250 2125 1329 2170 eJus
1352 2124 1498 2160 veloces
1518 2124 1565 2160 ad
1583 2124 1777 2161 effunden-

1005 2172 1095 2208 dum
1130 2171 1348 2217 sanguinem
1380 2174 1498 2216 tuum,
1535 2171 1780 2207 sanctissimis

1008 2218 1182 2255 manibus
1199 2218 1268 2254 tuis
1286 2222 1498 2262 attrectare,
1514 2218 1653 2262 lavare,
1672 2222 1709 2254 et
1721 2229 1781 2255 ex-

1008 2270 1156 2312 tergere
1175 2265 1351 2312 dignatus
1372 2275 1425 2301 es.
1447 2266 1491 2300 Et
1509 2271 1549 2300 tu
1575 2266 1695 2301 adhuc
1717 2276 1777 2301 ex-

1008 2317 1111 2349 tento
1126 2313 1219 2348 collo
1239 2312 1429 2348 ambulas!
1453 2312 1480 2347 Ο
1497 2316 1598 2348 terra
1615 2315 1651 2348 et
1670 2312 1777 2357 cinis,

1009 2361 1132 2397 adhuc
1154 2359 1328 2406 superbia
1345 2364 1381 2395 te
1403 2359 1538 2403 elevat,
1557 2359 1677 2395 adhuc
1703 2359 1781 2395 im-

1011 2406 1191 2452 patientia
1216 2411 1252 2442 te
1274 2406 1454 2452 exagitat!
1479 2408 1629 2442 Intuere
1656 2406 1779 2443 humi-

1011 2453 1126 2490 litatis
1137 2457 1173 2490 et
1188 2452 1485 2489 mansuetudinis
1495 2452 1783 2498 speculum‚uni·

1010 2512 1128 2537 versae
1151 2501 1303 2536 facturae
1323 2501 1551 2544 Creatorem,
1575 2504 1612 2536 et
1635 2503 1781 2537 treme-

1010 2549 1176 2584 bundum
1197 2547 1363 2584 Judicem
1378 2547 1547 2582 vivorum
1569 2550 1606 2583 et
1620 2550 1782 2584 mortuo-

1010 2606 1107 2638 rum,
1125 2598 1212 2630 ante
1232 2594 1345 2640 pedes
1367 2593 1544 2638 hominis,
1572 2595 1685 2630 etiam
1707 2597 1781 2631 tra-

1011 2641 1140 2678 ditoris
1155 2640 1225 2685 sui,
1239 2651 1362 2687 genua
1373 2645 1601 2684 curvantem,
1617 2641 1716 2677 disce
1733 2641 1781 2678 ab

1011 2699 1069 2734 eo,
1096 2688 1183 2734 quia
1199 2688 1300 2724 mitis
1323 2690 1393 2732 est,
1420 2691 1457 2723 et
1479 2688 1631 2724 humilis
1651 2688 1778 2725 corde.

1011 2735 1247 2772 Confundere
1260 2733 1299 2770 in
1317 2734 1491 2781 superbia
1507 2739 1586 2780 tua,
1601 2736 1779 2772 erubesce

1010 2782 1049 2818 in
1062 2781 1295 2828 impatientia
1305 2784 1384 2818 tua.
1400 2794 1416 2815 »
1430 2783 1474 2818 Et
1484 2781 1619 2819 iterum
1633 2793 1642 2818 z
1657 2782 1779 2821 «Cum

1867 212 1888 274 ᾗ

1901 1765 1907 1806 Ξ

1896 1812 1907 1924 i

1898 1927 1907 2007 ’ἐ
