1875 3149
666 431 1084 505 VITAE

731 641 871 671 DOMINI
890 641 1034 671 NOSTRI

145 802 629 917 JESU
767 804 1611 920 CHRISTI

491 1094 726 1150 PARS
782 1094 1260 1152 SECUNDA.

766 1317 950 1364 CAPUT
987 1318 1003 1362 I

164 1449 213 1476 DE
247 1449 514 1480 CONFESSIONE
544 1451 655 1480 VERAE
686 1450 809 1490 FIDEI,
842 1451 955 1484 QUAM
984 1451 1134 1480 PETRUS
1163 1448 1278 1481 FECIT
1313 1453 1383 1481 PRO
1413 1453 1598 1483 OMNIBUS.

691 1552 857 1589 Matthaei
878 1563 960 1599 cap.
980 1553 1074 1589 XVI.

115 1679 126 1699 1
154 1661 291 1698 Scopus
314 1674 480 1699 sneUNDAE
501 1675 637 1700 PARTIS.
654 1683 701 1691 -
722 1664 849 1701 Prima

62 1722 146 1756 pars
177 1709 263 1745 libri
291 1711 416 1756 hujus,
439 1722 523 1757 quae
544 1712 733 1757 praecedit,
763 1714 846 1748 nul-

60 1759 135 1794 lam
158 1762 203 1797 de
226 1758 400 1793 Passieno
421 1760 653 1794 mentionem
676 1771 846 1805 expresse

60 1806 174 1853 facit·
213 1806 378 1840 secunda
416 1816 504 1841 vero
544 1817 643 1851 pars,
673 1817 757 1852 quae
788 1808 849 1842 hic

63 1855 248 1899 sequitur,
265 1852 486 1897 frequenter
505 1853 549 1888 de
568 1854 742 1890 Passione
761 1854 850 1889 facit

63 1903 308 1943 mentionem,
326 1902 494 1935 ettotam
515 1901 683 1935 eontinet
703 1902 849 1937 Passio-

64 1958 165 1986 nem.
185 1953 220 1984 et
237 1956 463 1992 eorumquae
484 1948 680 1983 ultrasunt
697 1959 756 1984 sei
762 1950 848 1985 iem.

115 2010 132 2032 2
158 1998 267 2032 Unffls
289 2005 461 2029 CAESAREAE
487 1996 648 2030 Pfflmppi
671 2007 782 2032 sirus.
805 2017 849 2022 —-

63 2043 156 2079 Post
177 2042 375 2088 praemissa
397 2052 485 2087 ergo
514 2045 614 2078 venit
634 2044 737 2078 Jesus
758 2049 851 2079 tam-

65 2101 179 2136 quam
200 2089 383 2133 Salvator,
409 2090 546 2133 ubique
564 2090 693 2125 lumen
715 2091 851 2126 doctri-

64 2148 124 2173 nae
159 2147 353 2183 spargenS,
387 2136 526 2182 ubique
555 2138 720 2181 perditos
751 2148 851 2184 quae—

64 2196 163 2227 rens
193 2185 335 2228 ubique
370 2186 595 2229 poenitentes
630 2186 851 2223 salvans.in

63 2236 188 2278 partes
212 2236 248 2266 et
268 2231 361 2266 fines
383 2232 556 2276 civitatis,
577 2243 660 2277 quae
683 2233 852 2268 Caesareae

64 2280 241 2325 Philippi
261 2278 480 2322 vocabatur,
504 2280 567 2315 sed
585 2290 685 2315 nunc
709 2281 852 2315 Paneas

66 2327 216 2362 dicitur.
254 2326 450 2371 Philippus
493 2327 594 2362 enim
631 2328 851 2372 Tetrarcha‚

66 2373 184 2410 frater
204 2373 376 2411 Herodis,
406 2374 596 2409 civitatem
615 2375 717 2410 illam
739 2386 853 2410 reno-

68 2422 171 2456 vavit
200 2424 236 2455 et
267 2420 476 2465 ampliavit,
502 2424 539 2456 et
576 2432 618 2456 ex
645 2427 734 2457 tunc
770 2432 852 2457 eam

69 2468 278 2504 Caesaream
302 2468 479 2513 Philippi
500 2468 537 2503 in
554 2471 777 2505 memoriam
797 2468 856 2504 sui

69 2514 248 2559 nominis,
270 2520 306 2550 et
332 2515 368 2550 in
397 2516 582 2551 honorem
606 2518 740 2553 Tiberii
773 2518 853 2552 Cae—

71 2562 178 2605 saris,
202 2563 267 2607 qui
300 2563 332 2597 ei
356 2566 531 2608 quartam
570 2568 716 2609 partem
748 2576 812 2610 reg,
803 2564 856 2598 ni

72 2609 243 2654 dederat,
281 2610 496 2655 appellavit.
526 2612 571 2646 Et
610 2617 666 2647 est
703 2613 775 2647 sita
817 2611 855 2648 in

73 2656 166 2700 pede
187 2658 325 2692 montis
346 2657 498 2698 Libani,
520 2660 585 2693 ubi
604 2660 691 2694 hine
713 2660 799 2694 inde
819 2659 858 2694 in

72 2703 207 2737 declivi
245 2703 363 2740 latere
398 2706 538 2740 montis
575 2707 749 2742 oriuntur
785 2707 857 2741 duo

70 2749 208 2794 fontes,
247 2751 312 2786 Jor
345 2756 382 2788 et
416 2753 495 2788 Dan
527 2753 630 2800 dicti,
673 2754 739 2800 qui
778 2756 861 2800 post

155 2813 246 2847 Vm
258 2814 279 2847 J
283 2824 346 2848 zsu
359 2815 515 2856 Cnms‘n,
529 2818 650 2852 Tomis
664 2819 728 2851 111.

919 1665 1124 1706 modicum
1149 1666 1196 1701 ad
1216 1665 1384 1702 radicem
1418 1671 1455 1703 et
1486 1668 1620 1714 pedem
1642 1669 1708 1706 Li-

918 1714 1007 1749 bani
1030 1714 1279 1755 confluentes,
1301 1714 1471 1751 efficiunt
1487 1716 1707 1763 Jordanem,

917 1760 980 1806 qui
1006 1764 1090 1806 post
1116 1762 1248 1805 longos
1281 1761 1463 1798 circuitus
1493 1764 1708 1809 ingreditur

918 1819 1022 1843 mare
1052 1808 1232 1852 Gaiilaeae,
1260 1819 1376 1855 prope
1397 1810 1593 1846 Corozaim
1618 1812 1708 1848 civi-

914 1858 1045 1891 tatem.
1070 1856 1215 1891 Dicitur
1236 1856 1349 1892 etiam
1379 1857 1551 1894 Caesarea
1572 1858 1709 1906 Philip-

916 1904 968 1948 pi,
1002 1903 1049 1938 ad
1088 1902 1341 1939 differentiam
1381 1904 1562 1941 Caesareae
1600 1907 1706 1942 Pale-

917 1951 1040 1992 stinae‚
1059 1949 1121 1985 ubi
1149 1950 1329 1986 Centurio
1352 1952 1548 1988 Cornelius
1569 1954 1708 1990 dicitur

916 1997 1119 2032 habitasse.
1151 1999 1214 2032 Est
1241 2002 1278 2033 et
1303 1998 1377 2034 alia
1412 1999 1597 2042 Caesarea,
1623 2012 1706 2037 me-

917 2044 1075 2088 tropolis
1103 2044 1366 2089 Cappadociae
1390 2056 1473 2091 quae
1498 2051 1552 2083 est
1582 2048 1620 2083 in
1652 2060 1709 2085 re-

919 2091 1031 2137 gione
1052 2092 1275 2127 Turciae.1n
1296 2091 1367 2128 ista
1387 2099 1513 2129 autem
1541 2095 1705 2141 civitate,

918 2139 1060 2173 seilicet
1081 2139 1254 2174 Caesarea
1274 2140 1450 2185 Philippi,
1476 2145 1513 2177 et
1530 2142 1566 2177 in
1588 2144 1706 2179 confi—

919 2185 1031 2221 nibus
1053 2186 1145 2232 ejus
1167 2187 1366 2223 habitabat
1395 2189 1572 2225 Gentium
1592 2201 1708 2236 popu-

919 2233 998 2277 lus;
1025 2236 1064 2268 et
1097 2234 1180 2268 ideo
1219 2245 1261 2269 ex
1300 2236 1384 2280 hoc
1404 2238 1505 2281 quod
1539 2238 1709 2274 Christus

920 2280 1144 2326 mysterium
1165 2292 1242 2317 suae
1261 2283 1537 2320 Incarnationis
1565 2285 1625 2320 hic
1646 2297 1707 2321 re—

920 2328 1046 2363 velare
1063 2328 1198 2369 voluit
1223 2330 1433 2366 ostenditur
1454 2331 1556 2376 quod
1575 2332 1709 2369 tunda-

923 2378 1094 2410 mentum
1111 2376 1314 2413 Eeclesiae
1307 2389 1342 2412 in
1363 2379 1437 2414 fide
1455 2379 1631 2415 Gentium
1650 2380 1707 2416 fit.

924 2423 1011 2458 Haee
1031 2423 1131 2458 enim
1154 2424 1286 2460 civitas
1307 2429 1362 2460 est
1377 2425 1565 2462 Phoenicis
1586 2438 1649 2473 reg3
1638 2428 1708 2463 io—

922 2471 980 2505 nis
1009 2470 1201 2517 Gentium,
1233 2476 1269 2507 et
1289 2472 1475 2508 terminus
1498 2474 1637 2510 Judaeae
1660 2475 1707 2510 ad

924 2499 1257 2571 Septemtrionem‚
1292 2520 1339 2555 ad
1373 2531 1488 2566 quam
1521 2522 1705 2557 tiibutum

924 2575 1058 2600 census
1088 2565 1219 2610 capitis
1255 2567 1507 2611 deserebatur
1532 2579 1600 2613 pro
1635 2580 1708 2614 quo

924 2612 994 2647 sub
1015 2612 1162 2648 Caesare
1195 2615 1364 2659 Augusto
1391 2614 1588 2650 univeisus
1609 2616 1711 2651 orbis

926 2660 1133 2705 descriptus
1161 2661 1312 2697 dieitur.
1343 2662 1442 2708 Confi,
1425 2673 1559 2698 Orruum
1583 2667 1707 2698 auten]

924 2706 1006 2751 suit,
1033 2712 1072 2742 ut
1087 2718 1124 2742 ln
1145 2707 1228 2743 loco
1252 2709 1286 2743 in
1309 2720 1384 2755 quo
1406 2710 1508 2745 olbis
1528 2710 1709 2745 tributum

925 2753 1056 2801 solvit,
1080 2755 1158 2790 Rex
1183 2766 1317 2802 regum
1341 2759 1379 2792 et
1404 2755 1586 2793 Dominus
1609 2756 1710 2792 orbis

1543 2823 1556 2851 1
