1907 3139
151 170 209 202 372
792 165 924 198 INDEX
966 163 1156 197 CAPITUM

197 279 346 314 CAPUT
370 279 412 314 X.
438 297 481 304 —-
501 280 551 313 De
570 287 682 313 causa
698 274 908 311 dimittendi
927 284 1087 318 imorem,
1105 278 1137 309 et
1155 274 1198 309 de
1212 276 1382 320 parvulis
1401 277 1550 311 Domino
1571 274 1719 309 oblatis.

177 404 188 425 1
212 390 262 425 De
283 389 437 425 Galilaea
467 388 603 425 transit
633 389 738 423 Jesus
765 387 803 421 in
1038 389 1352 430 traetaanatura,
1368 397 1490 423 acasu
1505 386 1562 422 vel
1578 386 1650 421 vio-

195 437 291 472 fines
321 437 458 473 Judaeae
485 435 730 479 infirmosque
752 432 803 470 ibi
1039 433 1167 475 lentia
1188 443 1210 468 a
1246 433 1436 469 voluntate
1459 438 1496 469 et
1515 431 1648 478 gratia.
1724 445 1768 476 70

196 486 316 519 curat.
880 482 924 514 6&
1016 483 1036 514 6
1082 479 1287 516 Consilium
1334 480 1508 532 perfectae
1551 480 1647 515 obe—

172 543 189 566 2
212 531 285 566 Cur
319 532 464 583 Moyses
497 529 667 576 permisit
702 528 806 564 libel·
1040 526 1194 562 dientiae
1232 531 1268 562 et
1294 525 1517 562 humilitatis
1543 526 1652 562 datur

193 577 270 613 lum
303 577 469 630 repudii,
508 578 675 612 Christus
712 585 802 610 velo
1040 584 1108 619 per
1128 573 1494 609 commendationem
1516 583 1650 619 parvu-

195 635 269 660 non
289 624 528 677 pe1miserit.
516 623 533 649 ‘7
879 624 923 667 69
1039 621 1175 657 lorum.
1725 634 1763 664 71

170 675 189 706 5
213 671 418 708 Consilium
453 668 693 705 continentia:
723 679 805 714 per·
1018 683 1037 714 7
1077 668 1155 710 Quo
1196 677 1309 703 sensu
1351 666 1522 703 imitandi
1565 669 1650 702 sunt

192 718 297 754 reetae
348 722 444 754 mati
448 727 587 753 imonio
639 719 804 761 antepo—
1041 714 1162 760 pueri.
1724 727 1766 758 72

197 765 344 801 nendae.
880 778 924 808 70
1018 765 1038 798 8
1059 761 1262 798 Humilium
1291 761 1469 807 dignitas.
1723 774 1765 805 72

168 816 187 855 4
211 813 286 848 Cur
304 823 380 848 non
408 822 536 847 omnes
557 821 690 856 capere
717 820 804 855 pos-
1016 825 1036 856 q
1086 808 1266 844 Dominus
1305 808 1478 860 parvulis
1515 818 1647 843 manus

193 859 269 894 sint
288 858 529 895 continentiae
550 858 732 894 verbum?
881 871 924 901 70
1040 855 1237 900 imponens
1261 853 1566 891 Confiimationis
1592 865 1647 889 sa-

171 910 188 941 :3
214 905 453 942 Continentia
488 905 621 950 triplex
663 916 671 940 :
714 914 806 939 con·
1039 902 1464 940 cramentuminstituit.
1721 904 1765 946 75

504 1044 653 1080 CAPUT
682 1045 739 1079 Xl.
767 1063 810 1069 -
837 1046 886 1078 De
905 1045 1126 1088 perfectione
1150 1045 1392 1088 paupertatis.

173 1186 183 1207 1
210 1173 323 1207 Nemo
360 1171 497 1212 honus,
525 1168 597 1204 nisi
629 1168 728 1203 solus
764 1171 798 1203 et
951 1173 955 1249 Ι
1019 1172 1038 1203 3
1068 1170 1137 1203 Per
1169 1167 1362 1212 sequelam
1393 1165 1527 1204 Christi
1565 1177 1648 1202 con-

190 1229 284 1254 unus
310 1218 418 1254 Deus.
874 1219 915 1260 7”
1040 1217 1249 1251 summetur
1265 1214 1457 1260 perfectio.
1722 1218 1765 1259 76

167 1282 183 1303 2
209 1265 274 1300 Via
307 1262 522 1300 necessaria
553 1262 601 1297 ad
636 1261 754 1297 vitam
788 1273 797 1297 :
1017 1266 1036 1298 ss
1071 1261 1193 1297 Nimia
1231 1264 1466 1297 terrenarum
1502 1272 1646 1308 posses-

190 1312 455 1348 mandatorum
475 1308 701 1345 observatio.
874 1313 916 1354 74
1040 1308 1187 1344 sionum
1232 1307 1381 1343 dilectio
1425 1312 1481 1343 est
1521 1308 1644 1354 perfe-

165 1365 184 1396 .3
227 1361 278 1395 De
318 1359 447 1395 decem
486 1355 663 1402 Decalogi
701 1366 801 1402 prae-
953 1387 956 1410 ,
1038 1354 1511 1401 ctionisimpedimentum.
1718 1371 1760 1401 77

193 1406 324 1458 ceptis.
875 1406 918 1448 75
952 1411 956 1434 ¹
1015 1420 1034 1450 7
1071 1403 1201 1438 Modus
1236 1401 1465 1447 quadruplex
1501 1406 1643 1448 tempo-

166 1459 186 1497 4
209 1452 411 1490 Consilium
443 1450 616 1495 perfectae
644 1460 801 1496 pauper·
952 1436 956 1500 Ῐ
1040 1450 1133 1486 ralia
1151 1448 1370 1495 aspiciendi.
1720 1452 1764 1494 78

194 1501 293 1536 tatis.
876 1503 919 1543 75
953 1503 955 1525 l
1018 1501 1037 1531 8
1059 1496 1193 1533 Omnia
1215 1497 1313 1532 bona
1340 1507 1454 1540 opera
1483 1496 1666 1533 facienda.
1720 1499 1764 1541 78

440 1651 588 1685 CAPUT
608 1650 683 1685 xll.
708 1668 751 1673 β
773 1650 823 1682 De
842 1647 1028 1681 duodecim
1048 1646 1210 1680 consiliis
1230 1645 1472 1687 Evangelio-es.

171 1790 180 1810 1
208 1773 349 1809 Relatio
377 1771 617 1808 consiliorum
639 1773 799 1816 Evange-
1015 1772 1034 1801 ti
1056 1770 1304 1814 Compar-atur
1332 1767 1559 1803 carbunculo
1586 1778 1646 1803 ca-

190 1822 224 1856 lii
247 1821 294 1857 ad
313 1823 513 1865 praecepta.
873 1832 918 1862 79
1036 1815 1141 1858 ritas,
1158 1815 1366 1860 amethysto
1381 1814 1645 1859 mansuetudo,

170 1883 186 1903 a
209 1870 277 1904 Sex
297 1866 418 1913 prima
449 1865 605 1901 consilia
632 1866 798 1910 Evange-
1036 1866 1073 1897 et
1092 1844 1279 1909 onychino
1301 1860 1571 1897 misericordia.
1719 1866 1761 1899 82

191 1914 275 1951 lica.
873 1926 918 1958 79
1017 1925 1034 1956 7
1087 1910 1333 1961 eomparatur
1370 1907 1519 1954 J'aspide
1566 1918 1645 1944 ser-

167 1965 186 1997 3
220 1963 289 1998 Sex
324 1962 452 1997 ultima
487 1959 643 1996 consilia
681 1961 798 1995 Evan—
1038 1956 1159 1992 monis
1196 1954 1429 2008 simplicitas,
1464 1955 1644 2000 chrysoli—

192 2008 322 2055 gelica.
873 2009 917 2041 80
1036 2004 1100 2039 tho
1138 2002 1344 2039 occasionis
1382 2001 1559 2054 peccandi
1595 2002 1644 2037 vi-

167 2060 185 2099 4
227 2057 310 2091 Haec
354 2053 511 2091 ‹onsilia
548 2053 672 2090 facilia
711 2054 799 2089 red-
1035 2050 1141 2093 tatio,
1183 2054 1220 2086 et
1252 2049 1383 2086 belillo
1427 2048 1644 2085 intentionis

190 2103 283 2139 dunt
337 2102 448 2138 timot
506 2101 569 2137 Dei
626 2102 798 2146 bonaque
1036 2097 1235 2134 rectitudo.
1717 2101 1759 2133 85

192 2150 438 2186 consuetudo.
871 2150 911 2181 81
1013 2149 1032 2181 8
1068 2147 1174 2188 Item,
1206 2147 1446 2196 comparatur
1476 2143 1643 2189 lyncurio

168 2201 186 2231 Γ)
215 2198 461 2241 comparatur
497 2195 673 2241 sapphiro
706 2205 797 2239 pau·
1036 2191 1206 2228 doctrina
1226 2190 1644 2233 concionat01is,acha-

190 2248 326 2289 pertas,
348 2242 494 2289 topazio
513 2241 741 2285 obedientia,
761 2246 798 2277 et
1036 2243 1071 2275 te
1099 2238 1303 2280 humilitas,
1342 2241 1378 2274 et
1403 2237 1528 2273 sardio
1561 2238 1644 2274 sra—

189 2291 386 2336 smaragdo
404 2289 568 2326 castitas.
869 2292 911 2323 82
1037 2291 1144 2322 terna
1164 2284 1363 2331 correptio,
1716 2290 1760 2329 84

136 2434 284 2468 CAPUT
306 2433 398 2468 Xlll.
420 2452 464 2457 -ι
483 2434 533 2466 fle
559 2432 778 2475 difficultate
805 2436 838 2466 et
864 2430 1160 2475 impossibilitate
1179 2428 1347 2463 intrandi
1372 2429 1521 2463 divitem
1546 2430 1584 2463 in
1609 2439 1755 2472 reynum

243 2480 421 2524 coelorum,
434 2482 466 2513 et
485 2478 528 2513 de
546 2480 693 2523 praemz'o
712 2478 995 2522 relinquentium
1015 2477 1135 2512 omnia
1156 2479 1188 2511 et
1206 2477 1431 2520 sequentium
1454 2475 1648 2511 Christum.

163 2620 172 2639 1
198 2604 315 2646 Quam
340 2601 505 2638 difficilis
529 2600 575 2637 sit
596 2599 700 2636 diviti
728 2600 787 2635 in-
1010 2615 1026 2636 2
1052 2599 1227 2636 Avaritiae
1260 2598 1388 2645 fugam
1408 2598 1540 2634 suadet
1572 2599 1639 2635 Do-

179 2660 330 2697 gressus
365 2648 471 2702 regni
509 2647 687 2684 coelorum
722 2657 789 2693 pei
1034 2647 1172 2684 minus.
1712 2652 1753 2692 87

178 2679 497 2750 comparationem
507 2694 637 2731 carneli
655 2698 691 2729 et
706 2704 790 2729 acus
1006 2697 1026 2730 5
1047 2694 1141 2738 Quid
1165 2694 1212 2731 sit
1240 2693 1367 2730 omnia
1390 2694 1602 2740 relinquere
1619 2694 1637 2728 ἱ)
1710 2696 1752 2739 87

180 2743 374 2781 {oraminis
397 2741 621 2778 ostenditur.
862 2745 906 2776 85
1005 2745 1023 2784 4
1054 2741 1217 2777 Primum
1247 2740 1440 2787 praemium
1470 2741 1635 2787 relinqu-
