1907 3139
163 213 225 247 338
650 208 858 244 SECUNDAE
895 205 1052 239 PARTIS
1088 205 1224 241 CAPUT
1262 207 1313 241 Lv

163 284 289 319 catum
305 284 363 318 est
381 279 532 317 tradere
565 278 754 316 Christum
774 287 938 329 regnan-

164 332 241 366 tem
261 328 300 365 in
320 327 423 364 coelis
448 326 726 378 peccatoribus·
741 325 936 368 membris,

164 386 277 423 quam
294 376 551 412 ambulantem
579 373 618 409 in
637 378 748 409 terris
767 374 940 418 peccato-

163 423 268 459 ribus
293 421 448 460 Judaeis.
472 421 579 457 Unde
599 421 726 456 Beda:
764 432 781 471 ς(
805 418 877 454 Sed
904 421 941 453 et

164 470 276 506 hodie
307 479 468 516 quoque,
505 471 541 504 et
579 467 619 503 in
656 469 939 517 sempiternum,

170 528 225 553 vae
242 517 387 553 homini
404 516 472 560 illi,
490 514 551 561 qui
567 515 614 550 ad
632 523 802 565 mensam
820 513 941 547 Domi·

164 564 203 600 ni
219 563 408 610 malignus
423 561 581 604 accedit,
598 561 657 606 qui
672 560 819 611 insidiis
839 569 941 594 men-

166 615 204 647 te
220 611 397 654 conditis,
409 609 471 656 qui
487 606 708 655 praecordiis
723 606 849 652 aliquo
866 617 942 642 sce-

164 658 242 694 lere
266 658 430 704 pollutus
453 656 715 701 mysteriorum
734 654 869 689 Christi
887 664 941 688 se-

169 705 282 742 cretis
302 703 527 750 participare
547 712 622 737 non
641 700 793 752 metuitl
819 702 861 735 Et
880 700 941 736 ille

162 752 264 788 enim
287 752 326 787 in
344 751 553 796 exemplum
578 748 697 791 Judae,
725 747 858 800 Filium
878 748 941 783 ho-

163 798 276 835 minis
289 798 417 842 tradit,
432 808 507 832 non
522 795 675 842 quidem
695 794 839 831 Judaeis
853 805 940 847 pec-

167 846 370 890 catoribus,
414 844 478 880 sed
514 846 641 878 tamen
681 843 941 894 peccatoribus

168 892 361 936 membris,
389 890 562 926 videlicet
580 889 673 933 suis,
691 889 828 934 qulbus
848 888 942 941 illud

168 938 431 976 inaestimabile
443 941 554 983 atque
565 935 782 972 inviolabile
795 937 941 971 Domini

166 987 309 1032 Corpus
318 985 461 1021 violare
476 982 940 1035 praesumitNaQinqu'am,

167 1033 219 1069 illi
230 1032 374 1068 homini
389 1032 435 1067 de
451 1042 524 1076 quo
537 1031 662 1073 Jesus,
677 1040 740 1074 qui
758 1029 941 1065 altaribus

167 1077 523 1116 sacrosanctisinter
537 1076 821 1122 immolandum,
837 1079 944 1122 utpo-

168 1131 203 1163 te
244 1126 437 1173 proposita
474 1128 772 1167 consecraturus,
798 1124 942 1176 ‘adesse

166 1185 240 1210 non
264 1172 472 1217 dubitatur,
486 1170 723 1207 adstantibus
737 1170 807 1206 sibi
823 1171 941 1222 ‘mini-

165 1220 252 1257 stris
281 1219 497 1256 coelestibus
533 1218 713 1264 conqueri
747 1223 896 1270 cogitur
931 1228 940 1253 :

166 1270 274 1312 Ecce,
289 1266 425 1313 inquit,
439 1275 572 1301 manus
591 1265 777 1300 tradentis
790 1275 849 1300 me
867 1275 943 1300 me-

167 1325 250 1351 cum
278 1317 335 1350 est
356 1313 393 1349 in
421 1312 572 1349 mensal
596 1325 615 1344 »
639 1312 719 1347 haec
749 1312 860 1347 Beda.
884 1313 940 1356 Et,

168 1365 207 1397 ut
227 1360 318 1397 dicit
347 1361 531 1404 Origenes,
559 1359 654 1394 tales
695 1362 782 1394 sunt
811 1369 942 1395 omnes

167 1409 206 1444 in
233 1406 412 1451 Ecclesia,
435 1405 742 1452 quiinsidiantur
762 1406 942 1441 fratribus

170 1457 261 1499 suis,
283 1465 367 1491 cum
382 1454 514 1499 quibus
526 1453 572 1489 ad
585 1453 756 1489 eamdem
774 1463 942 1488 mensam

171 1501 348 1549 Corporis
371 1499 508 1537 Christi
535 1500 751 1545 frequenter
776 1500 939 1535 fuerunt.

219 1563 237 1586 2
255 1550 498 1585 PRAEmOENDAE
512 1558 736 1582 PRODITIONiS
751 1558 882 1582 musis.
898 1567 941 1573 —

169 1596 485 1632 Praedixitautem
506 1594 687 1629 Dominus
709 1594 754 1628 de
776 1593 942 1639 prodito-

166 1654 223 1685 re,
240 1645 343 1679 etsie
362 1652 447 1678 eum
463 1640 740 1686 quodammodo
762 1640 942 1676 revelavit

170 1690 365 1736 triplicide
387 1699 520 1724 causa:
544 1689 732 1733 primo,ut
751 1686 941 1739 sic-osten-

170 1737 277 1773 deret
292 1747 331 1772 se
353 1737 483 1778 Deum,
503 1735 565 1780 qui
578 1735 701 1770 futura
721 1737 941 1779 contingen-

166 1783 218 1820 tia
231 1783 460 1830 praevidebat
482 1793 490 1825 ;
514 1781 693 1824 secundo,
708 1784 748 1816 ut
768 1781 939 1816 osteude-

165 1834 223 1867 ret
246 1842 286 1867 se
307 1834 513 1875 spontanee
532 1828 622 1874 pati,
646 1827 733 1873 quia
755 1838 940 1873 praecave-

167 1889 207 1914 re
229 1880 377 1924 poterat
411 1881 583 1917 mortem,
614 1885 725 1920 qnam
759 1875 941 1920 praescie-

166 1925 231 1961 bat
250 1937 258 1969 3
280 1924 403 1962 teitio,
426 1929 464 1959 ut
491 1925 565 1968 ipse
591 1922 759 1967 pr·›ditor
781 1926 939 1966 poenite-

166 1976 236 2015 ret,
255 1971 319 2017 qui
339 1981 379 2006 se
399 1981 471 2005 nou
488 1970 605 2004 latere
626 1968 814 2004 audiebat.
837 1969 940 2005 Unde

163 2021 404 2063 Hieronymus
427 2028 435 2052 z
460 2016 560 2059 «Qui
583 2016 627 2051 de
646 2016 823 2051 Pas-sione
844 2027 939 2061 prae-

165 2066 321 2109 dixerat,
357 2068 394 2099 et
435 2064 479 2099 de
520 2062 713 2109 proditore
752 2062 938 2108 praedicit,

165 2113 257 2148 dans
283 2113 408 2147 locum
425 2113 670 2156 poenitentiae,
696 2112 733 2143 ut
761 2120 844 2144 cum
879 2109 938 2145 in-

166 2158 369 2195 tellexisset
398 2157 481 2193 sciri
507 2156 753 2201 cogitationes
783 2167 882 2200 suas,
904 2161 941 2192 et

167 2210 313 2242 occuita
327 2204 450 2241 cordis
466 2203 635 2247 consilia,
646 2202 843 2248 poeniteret
855 2214 939 2239 eum

166 2253 251 2288 sacti
272 2252 327 2288 sui
345 2264 353 2296 ;
373 2256 410 2287 et
428 2256 555 2286 tamen
574 2261 648 2285 nou
664 2250 835 2295 designat
854 2261 938 2286 euin

167 2299 392 2346 specialiter,
428 2309 474 2334 ne
510 2297 709 2333 manifeste
737 2301 938 2341 coargutus

166 2345 441 2393 imprudentior
467 2346 546 2389 fiat,
575 2344 639 2379 sed
661 2343 772 2378 mittit
796 2344 938 2380 crimen

165 2393 202 2429 in
224 2403 394 2436 numero,
425 2395 463 2427 ut
483 2390 656 2427 conscius
676 2391 938 2436 poenitentiam

165 2443 250 2487 agat
275 2451 283 2475 ε
307 2453 325 2471 »
354 2440 434 2474 haec
460 2440 712 2482 Hieronymus
737 2439 779 2472 Et
800 2442 937 2473 notan-

167 2488 269 2530 dum,
283 2486 381 2532 quod
401 2498 421 2521 a
439 2485 526 2520 mali
548 2488 825 2530 perpetratione
844 2486 939 2521 solet

165 2533 300 2580 aliquis
313 2536 473 2579 quatuor
490 2531 611 2566 modis
632 2531 784 2575 retrahi,
801 2533 937 2577 quibus

172 2592 214 2617 ex
243 2578 506 2626 magnitudine
544 2577 812 2613 misericoriiiae
858 2590 937 2615 suae

165 2627 324 2664 tentavit
334 2625 511 2662 Dominus
532 2625 762 2670 proditorem
775 2624 935 2672 discipu-

163 2675 239 2712 lum
263 2685 285 2710 a
310 2677 413 2710 tanto
434 2672 574 2708 scelere
607 2673 862 2723 perpetrando
885 2672 933 2708 ad

162 2720 422 2768 poenitentiam
453 2729 641 2761 revocare,
671 2718 812 2754 scilicet
834 2730 841 2754 z
863 2730 932 2765 pu-

162 2771 267 2814 dore,
288 2779 375 2805 cum
394 2766 485 2804 dicit
507 2778 515 2802 :
542 2768 640 2802 Unus
660 2776 704 2800 ex
730 2766 831 2800 vobis
853 2770 930 2801 tra-

161 2817 218 2856 dec
237 2827 304 2864 me,
325 2818 361 2853 et
381 2826 389 2852 z
411 2817 499 2853 Ecce
521 2823 650 2851 manus
673 2813 853 2849 tradentis
873 2823 928 2849 me

1012 286 1147 312 mecum
1189 281 1241 313 est
1269 279 1309 313 in
1342 288 1488 322 mensa3
1530 278 1681 323 timore,
1717 290 1785 326 per

1013 323 1344 360 comminationem
1359 325 1543 371 supplicii,
1559 336 1643 362 cum
1668 325 1758 362 dicit
1775 338 1783 362 :

1017 372 1079 407 Vae
1098 375 1216 407 autem
1237 373 1375 407 homini
1393 374 1453 408 illi
1470 384 1652 419 perquem
1669 375 1786 409 Filius

1014 418 1168 453 hominis
1189 420 1379 455 tradetur!
1398 424 1439 455 ut
1460 420 1522 465 qui
1548 421 1689 467 pudore
1710 430 1788 456 non

1013 463 1334 509 vincitur,timore
1355 466 1590 513 corrigatur;
1615 466 1789 503 beneficii

1014 511 1254 556 exhibitione,
1284 523 1368 549 cum
1402 513 1506 549 illum
1532 515 1580 550 ad
1619 524 1790 550 mensam

1013 569 1118 594 suam
1141 560 1285 604 recipit,
1310 564 1346 595 et
1366 559 1399 595 ei
1419 561 1534 605 pedes
1556 562 1680 606 lavat;
1704 562 1792 598 affe-

1015 609 1094 641 ctus
1116 608 1344 651 ostensione,
1368 607 1405 642 in
1425 608 1565 643 blanda
1585 609 1790 644 allocutio-

1016 663 1074 693 ne,
1099 663 1183 688 cum
1205 653 1294 688 dicit
1317 664 1325 688 :
1348 654 1488 698 Amice,
1507 655 1556 690 ad
1576 656 1666 700 quid
1686 658 1788 691 veni-

1013 701 1062 734 sti
1076 701 1094 734 ?
1113 699 1172 735 Sic
1193 700 1361 746 exemplo
1390 701 1526 737 Christi
1548 702 1669 738 bonus
1692 713 1790 749 prae-

1014 747 1111 782 latus
1132 746 1290 783 subditis
1302 749 1414 783 etiam
1433 749 1542 784 malis
1562 749 1674 785 debet
1690 749 1792 785 exhi-

1015 794 1103 829 bere
1130 794 1330 839 beneficia,
1351 798 1391 830 ut
1405 800 1588 841 quantum
1608 795 1646 831 in
1668 807 1707 832 se
1732 799 1789 833 est

1015 851 1077 876 eos
1096 851 1117 876 a
1135 851 1202 876 sua
1222 845 1372 877 revocet
1392 843 1468 878 vita
1488 844 1600 879 mala.
1626 843 1697 879 Sed
1724 845 1789 880 Ju-

1015 887 1082 923 das
1104 888 1207 923 nullo
1225 888 1359 925 horum
1381 889 1583 935 frangitur,
1602 901 1648 926 ne
1670 889 1790 926 homi·

1015 945 1101 970 nem
1118 935 1257 979 tradat,
1286 947 1397 982 quem
1419 937 1484 972 Dei
1506 936 1639 973 Filium
1672 949 1789 974 nove-

1014 984 1085 1017 rat.
1108 982 1327 1018 Passionem
1350 994 1438 1030 ergo
1457 986 1546 1020 Jesu
1568 984 1703 1021 Christi
1729 984 1790 1031 pie

1015 1028 1254 1065 considerare
1276 1030 1606 1075 volenti,occurrit
1625 1031 1789 1077 primum

1014 1075 1175 1121 perfidia
1210 1077 1414 1122 proditoris
1431 1106 1440 1119 ,
1478 1078 1542 1124 qui
1578 1081 1692 1115 tantae
1722 1078 1791 1114 fuit

1015 1123 1157 1158 fraudis
1171 1134 1317 1160 veneno
1326 1125 1503 1170 repletus,
1514 1128 1553 1161 ut
1569 1125 1790 1172 Magistrum

1016 1172 1053 1205 et
1070 1169 1272 1206 Dominum
1291 1174 1467 1216 proderet
1483 1183 1491 1216 ;
1511 1175 1625 1208 tantae
1647 1172 1789 1218 cupidi-

1015 1216 1102 1252 tatis
1124 1218 1276 1253 flamma
1294 1229 1508 1263 succensus,
1529 1222 1568 1254 ut
1589 1221 1706 1255 Deum
1728 1230 1790 1256 ar-

1016 1268 1129 1308 gento
1140 1265 1404 1309 venumdaret,
1418 1269 1454 1301 et
1468 1265 1675 1311 pretiosum
1687 1266 1790 1303 Chri-

1016 1311 1062 1345 sti
1095 1311 1314 1356 sanguinem
1340 1312 1424 1348 vilis
1455 1313 1639 1349 mercedis
1668 1313 1790 1360 pretio

1016 1362 1277 1403 compensaret
1295 1370 1302 1403 ;
1320 1362 1436 1396 tantae
1453 1359 1616 1406 denique
1638 1361 1792 1407 ingrati-

1015 1404 1170 1449 tudinis,
1193 1409 1234 1441 ut
1255 1416 1340 1442 eum
1362 1407 1423 1452 qui
1445 1409 1572 1443 omnia
1592 1407 1661 1444 sibi
1688 1418 1790 1444 com-

1016 1451 1169 1488 miserat
1196 1455 1233 1488 et
1258 1453 1304 1488 ad
1325 1454 1473 1489 culmen
1504 1454 1699 1499 apostolici
1721 1456 1789 1491 ho-

1015 1498 1361 1545 norisprovexerat,
1372 1501 1618 1538 venumdaret
1632 1502 1680 1538 ad
1691 1513 1792 1538 mor-

1014 1548 1091 1580 tem
1108 1557 1116 1589 ;
1136 1550 1249 1582 tantae
1270 1547 1433 1592 duritiae,
1450 1552 1569 1584 utnec
1590 1549 1788 1586 familiari-

1013 1595 1089 1628 tate
1103 1593 1276 1635 convivii,
1291 1605 1357 1630 nec
1371 1595 1583 1631 humilitate
1601 1596 1788 1642 obsequii,

1014 1650 1081 1675 nec
1094 1640 1276 1676 suavitate
1293 1642 1483 1687 colloquii,
1506 1653 1573 1678 nec
1591 1642 1791 1679 mulcebri-

1013 1689 1089 1722 tate
1110 1687 1240 1730 osculi,
1260 1699 1282 1724 a
1305 1693 1484 1735 concepta
1504 1689 1648 1726 malitia
1667 1690 1789 1734 potuit

1014 1734 1194 1769 revocari.
1216 1736 1243 1770 O
1276 1735 1373 1771 mira
1399 1736 1614 1781 benignitas
1647 1736 1787 1773 Christi

1015 1781 1051 1815 in
1073 1780 1296 1826 disripulum
1317 1783 1466 1827 durum,
1487 1783 1634 1819 Domini
1651 1784 1690 1820 in
1710 1795 1791 1820 ser-

1014 1837 1098 1862 vum
1117 1828 1409 1872 nequissimum!
1434 1832 1568 1866 Verum
1589 1831 1675 1867 licet
1692 1832 1792 1867 inex-

1014 1874 1201 1919 plicabilis
1226 1876 1337 1911 suerit
1372 1877 1577 1922 proditoris
1599 1877 1790 1924 impietas,

1015 1921 1052 1955 in
1084 1921 1310 1958 imiiieiisuin
1333 1928 1457 1959 tamen
1485 1935 1566 1959 eam
1594 1929 1791 1970 exsuperat

1013 1968 1108 2013 Agiii
1146 1971 1208 2004 Dei
1236 1970 1450 2006 dulcissima
1477 1974 1726 2008 mansuetudo
1748 1972 1788 2008 in

1013 2016 1222 2061 exemplum
1258 2020 1345 2053 data
1380 2019 1614 2059 mortalibus,
1638 2024 1677 2055 ut
1710 2020 1789 2064 jam

1015 2073 1087 2097 iion
1105 2063 1205 2098 dicat
1219 2063 1264 2098 ab
1284 2064 1404 2099 aiiiic‹›
1417 2073 1639 2111 exsuperata
1655 2066 1788 2103 huma-

1014 2120 1062 2144 na
1083 2109 1281 2146 infirmitas
1303 2123 1310 2146 ;
1330 2113 1485 2147 Sieiiim
1506 2115 1674 2148 inimicus
1692 2124 1789 2149 meus

1014 2158 1267 2192 melodia-isset
1276 2160 1637 2202 mi'hz',szistimiissein
1648 2163 1787 2206 utique,

1013 2203 1102 2248 quia
1123 2214 1208 2239 ecce
1246 2205 1358 2241 homo
1388 2206 1590 2250 unanimis,
1619 2206 1680 2252 qui
1716 2209 1788 2243 dux

1014 2250 1212 2286 videbatur
1239 2256 1274 2287 ct
1300 2255 1424 2296 notus,
1453 2252 1516 2298 qui
1544 2264 1660 2298 panes
1682 2254 1787 2290 Chri-

1014 2298 1060 2331 sti
1081 2297 1230 2341 edebat,
1254 2299 1346 2334 etin
1368 2310 1474 2334 sacra
1496 2300 1560 2335 illa
1576 2310 1684 2336 coena
1708 2302 1788 2337 dul-

1013 2354 1072 2379 ces
1100 2344 1272 2390 capiebat
1294 2345 1408 2390 cibos,
1433 2346 1701 2391 magnificabat
1722 2359 1786 2384 su-

1011 2401 1079 2437 per
1102 2402 1185 2427 eum
1210 2392 1567 2438 supplantationem,
1591 2397 1626 2429 et
1650 2394 1788 2431 levavit

1012 2438 1225 2474 calcant-um
1239 2450 1344 2475 suum
1358 2445 1486 2475 contra
1502 2451 1599 2481 eum.
1617 2441 1705 2486 quia
1726 2452 1787 2478 co-

1012 2486 1174 2521 nabatur
1190 2486 1432 2532 suppeditare
1444 2486 1578 2531 ipsum.
1590 2488 1649 2523 Sic
1670 2488 1782 2525 hodie

1011 2532 1118 2567 multi
1141 2533 1300 2578 praelati,
1317 2533 1441 2569 clerici
1462 2538 1495 2569 et
1518 2534 1700 2580 religiosi,
1722 2535 1785 2581 qui

1012 2579 1113 2614 laute
1133 2579 1262 2615 vivunt
1280 2580 1325 2616 de
1347 2580 1574 2625 patrimonio
1593 2582 1782 2628 Crueifixi,

1010 2625 1135 2662 levant
1151 2626 1366 2663 calcaneum
1382 2632 1514 2663 contra
1534 2629 1722 2665 Christum
1744 2628 1783 2665 iu

1010 2674 1186 2709 membris
1207 2674 1296 2717 suis,
1337 2675 1622 2719 supplantantes
1654 2687 1712 2720 ea,
1741 2680 1778 2711 et
1806 2686 1810 2689 “

1009 2719 1220 2766 affligentes
1239 2720 1451 2766 calumniis,
1469 2725 1506 2757 et
1525 2722 1781 2759 exactionibus

1007 2765 1168 2812 injustis.

1053 2816 1074 2848 5
1108 2815 1371 2853 Dismrunoriw
1407 2828 1593 2865 iiicsssrim,
1633 2817 1778 2854 Cums‘rt'
