<?xml version="1.0" encoding="UTF-8"?>
<!DOCTYPE html PUBLIC "-//W3C//DTD XHTML 1.0 Transitional//EN"
    "http://www.w3.org/TR/xhtml1/DTD/xhtml1-transitional.dtd">
<html xmlns="http://www.w3.org/1999/xhtml" xml:lang="en" lang="en">
 <head>
  <title>
</title>
<meta http-equiv="Content-Type" content="text/html;charset=utf-8" />
  <meta name='ocr-system' content='tesseract 3.04.00' />
  <meta name='ocr-capabilities' content='ocr_page ocr_carea ocr_par ocr_line ocrx_word'/>
</head>
<body>
  <div class='ocr_page' id='page_1' title='image "./vitajesuchristie03ludouoft_0256.png"; bbox 0 0 1907 3139; ppageno 0'>
   <div class='ocr_carea' id='block_1_1' title="bbox 121 230 182 264">
    <p class='ocr_par' dir='ltr' id='par_1_1' title="bbox 121 230 182 264">
     <span class='ocr_line' id='line_1_1' title="bbox 121 230 182 264; baseline -0.033 0"><span class='ocrx_word' id='word_1_1' title='bbox 121 230 182 264; x_wconf 62' lang='lat'>226</span> 
     </span>
    </p>
   </div>
   <div class='ocr_carea' id='block_1_2' title="bbox 109 292 909 2882">
    <p class='ocr_par' dir='ltr' id='par_1_2' title="bbox 109 292 895 1980">
     <span class='ocr_line' id='line_1_2' title="bbox 124 292 892 341; baseline -0.008 -7"><span class='ocrx_word' id='word_1_2' title='bbox 124 302 166 335; x_wconf 89' lang='lat' dir='ltr'>ut</span> <span class='ocrx_word' id='word_1_3' title='bbox 182 297 402 341; x_wconf 77' lang='lat' dir='ltr'>cooperiant</span> <span class='ocrx_word' id='word_1_4' title='bbox 421 295 605 333; x_wconf 84' lang='lat' dir='ltr'>malitiam</span> <span class='ocrx_word' id='word_1_5' title='bbox 619 295 816 332; x_wconf 79' lang='lat' dir='ltr'>occultam.</span> <span class='ocrx_word' id='word_1_6' title='bbox 827 292 892 329; x_wconf 88' lang='lat' dir='ltr'>Isti</span> 
     </span>
     <span class='ocr_line' id='line_1_3' title="bbox 126 340 893 391; baseline -0.007 -10"><span class='ocrx_word' id='word_1_7' title='bbox 126 344 389 391; x_wconf 84' lang='lat' dir='ltr'>significantur</span> <span class='ocrx_word' id='word_1_8' title='bbox 427 355 492 389; x_wconf 89' lang='lat' dir='ltr'>per</span> <span class='ocrx_word' id='word_1_9' title='bbox 528 343 606 386; x_wconf 83' lang='lat' dir='ltr'>Bel,</span> <span class='ocrx_word' id='word_1_10' title='bbox 635 342 696 388; x_wconf 86' lang='lat' dir='ltr'>qui</span> <span class='ocrx_word' id='word_1_11' title='bbox 733 340 893 377; x_wconf 80' lang='lat' dir='ltr'>exterius</span> 
     </span>
     <span class='ocr_line' id='line_1_4' title="bbox 126 389 892 436; baseline -0.009 -7"><span class='ocrx_word' id='word_1_12' title='bbox 126 396 208 429; x_wconf 88' lang='lat' dir='ltr'>erat</span> <span class='ocrx_word' id='word_1_13' title='bbox 223 402 358 436; x_wconf 79' lang='lat' dir='ltr'>aereus,</span> <span class='ocrx_word' id='word_1_14' title='bbox 377 395 414 428; x_wconf 87' lang='lat' dir='ltr'>et</span> <span class='ocrx_word' id='word_1_15' title='bbox 428 391 524 426; x_wconf 82' lang='lat' dir='ltr'>intus</span> <span class='ocrx_word' id='word_1_16' title='bbox 542 390 675 426; x_wconf 90' lang='lat' dir='ltr'>luteus.</span> <span class='ocrx_word' id='word_1_17' title='bbox 694 389 760 425; x_wconf 87' lang='lat' dir='ltr'>Ubi</span> <span class='ocrx_word' id='word_1_18' title='bbox 784 389 892 432; x_wconf 74' lang='lat' dir='ltr'>Chry-</span> 
     </span>
     <span class='ocr_line' id='line_1_5' title="bbox 121 437 892 483; baseline -0.008 -7"><span class='ocrx_word' id='word_1_19' title='bbox 121 444 323 476; x_wconf 78' lang='lat' dir='ltr'>sostomus:</span> <span class='ocrx_word' id='word_1_20' title='bbox 347 452 366 472; x_wconf 86' lang='lat'>«</span> <span class='ocrx_word' id='word_1_21' title='bbox 390 438 519 474; x_wconf 75' lang='lat' dir='ltr'>Merito</span> <span class='ocrx_word' id='word_1_22' title='bbox 542 437 892 483; x_wconf 69' lang='lat' dir='ltr'>quidemjustorurn</span> 
     </span>
     <span class='ocr_line' id='line_1_6' title="bbox 120 481 890 532; baseline -0.009 -8"><span class='ocrx_word' id='word_1_23' title='bbox 120 498 277 532; x_wconf 88' lang='lat' dir='ltr'>corpora</span> <span class='ocrx_word' id='word_1_24' title='bbox 310 486 451 532; x_wconf 86' lang='lat' dir='ltr'>templa</span> <span class='ocrx_word' id='word_1_25' title='bbox 497 485 686 523; x_wconf 85' lang='lat' dir='ltr'>dicuntur,</span> <span class='ocrx_word' id='word_1_26' title='bbox 724 481 813 528; x_wconf 84' lang='lat' dir='ltr'>quia</span> <span class='ocrx_word' id='word_1_27' title='bbox 850 481 890 518; x_wconf 88' lang='lat' dir='ltr'>in</span> 
     </span>
     <span class='ocr_line' id='line_1_7' title="bbox 118 530 888 581; baseline -0.008 -11"><span class='ocrx_word' id='word_1_28' title='bbox 118 544 275 581; x_wconf 88' lang='lat' dir='ltr'>corpore</span> <span class='ocrx_word' id='word_1_29' title='bbox 291 533 383 580; x_wconf 87' lang='lat' dir='ltr'>justi</span> <span class='ocrx_word' id='word_1_30' title='bbox 402 531 527 567; x_wconf 68' lang='lat' dir='ltr'>anima</span> <span class='ocrx_word' id='word_1_31' title='bbox 543 530 756 566; x_wconf 71' lang='lat' dir='ltr'>dominatur</span> <span class='ocrx_word' id='word_1_32' title='bbox 777 532 813 565; x_wconf 90' lang='lat' dir='ltr'>et</span> <span class='ocrx_word' id='word_1_33' title='bbox 829 539 888 565; x_wconf 88' lang='lat' dir='ltr'>re-</span> 
     </span>
     <span class='ocr_line' id='line_1_8' title="bbox 116 577 886 628; baseline -0.01 -10"><span class='ocrx_word' id='word_1_34' title='bbox 116 585 218 628; x_wconf 77' lang='lat' dir='ltr'>gnat,</span> <span class='ocrx_word' id='word_1_35' title='bbox 238 583 342 626; x_wconf 85' lang='lat' dir='ltr'>quasi</span> <span class='ocrx_word' id='word_1_36' title='bbox 362 581 456 615; x_wconf 66' lang='lat' dir='ltr'>Deus</span> <span class='ocrx_word' id='word_1_37' title='bbox 473 581 508 614; x_wconf 89' lang='lat' dir='ltr'>in</span> <span class='ocrx_word' id='word_1_38' title='bbox 524 579 676 623; x_wconf 84' lang='lat' dir='ltr'>templo,</span> <span class='ocrx_word' id='word_1_39' title='bbox 698 577 752 612; x_wconf 90' lang='lat' dir='ltr'>vel</span> <span class='ocrx_word' id='word_1_40' title='bbox 769 581 886 620; x_wconf 85' lang='lat' dir='ltr'>certe,</span> 
     </span>
     <span class='ocr_line' id='line_1_9' title="bbox 115 623 884 674; baseline -0.008 -10"><span class='ocrx_word' id='word_1_41' title='bbox 115 628 205 674; x_wconf 85' lang='lat' dir='ltr'>quia</span> <span class='ocrx_word' id='word_1_42' title='bbox 229 627 307 673; x_wconf 87' lang='lat' dir='ltr'>ipse</span> <span class='ocrx_word' id='word_1_43' title='bbox 330 629 424 662; x_wconf 87' lang='lat' dir='ltr'>Deus</span> <span class='ocrx_word' id='word_1_44' title='bbox 445 625 482 661; x_wconf 88' lang='lat' dir='ltr'>in</span> <span class='ocrx_word' id='word_1_45' title='bbox 497 624 717 670; x_wconf 82' lang='lat' dir='ltr'>corporibus</span> <span class='ocrx_word' id='word_1_46' title='bbox 739 623 884 659; x_wconf 87' lang='lat' dir='ltr'>habitat</span> 
     </span>
     <span class='ocr_line' id='line_1_10' title="bbox 109 675 884 722; baseline -0.006 -11"><span class='ocrx_word' id='word_1_47' title='bbox 109 675 234 722; x_wconf 78' lang='lat' dir='ltr'>Justis.</span> <span class='ocrx_word' id='word_1_48' title='bbox 263 675 428 720; x_wconf 90' lang='lat' dir='ltr'>Corpora</span> <span class='ocrx_word' id='word_1_49' title='bbox 465 675 591 708; x_wconf 88' lang='lat' dir='ltr'>autem</span> <span class='ocrx_word' id='word_1_50' title='bbox 631 675 884 717; x_wconf 67' lang='lat' dir='ltr'>peccatorutn,</span> 
     </span>
     <span class='ocr_line' id='line_1_11' title="bbox 112 717 885 768; baseline -0.008 -9"><span class='ocrx_word' id='word_1_51' title='bbox 112 722 312 768; x_wconf 88' lang='lat' dir='ltr'>sepulchra</span> <span class='ocrx_word' id='word_1_52' title='bbox 332 721 504 756; x_wconf 73' lang='lat' dir='ltr'>&lt;licuntur</span> <span class='ocrx_word' id='word_1_53' title='bbox 528 722 773 756; x_wconf 77' lang='lat' dir='ltr'>mortuorum,</span> <span class='ocrx_word' id='word_1_54' title='bbox 797 717 885 763; x_wconf 56' lang='lat' dir='ltr'>qaia</span> 
     </span>
     <span class='ocr_line' id='line_1_12' title="bbox 112 767 889 810; baseline -0.009 -4"><span class='ocrx_word' id='word_1_55' title='bbox 112 769 240 806; x_wconf 85' lang='lat' dir='ltr'>anima</span> <span class='ocrx_word' id='word_1_56' title='bbox 264 772 411 804; x_wconf 86' lang='lat' dir='ltr'>mortua</span> <span class='ocrx_word' id='word_1_57' title='bbox 442 772 498 802; x_wconf 90' lang='lat' dir='ltr'>est</span> <span class='ocrx_word' id='word_1_58' title='bbox 519 767 555 801; x_wconf 86' lang='lat' dir='ltr'>in</span> <span class='ocrx_word' id='word_1_59' title='bbox 576 775 733 810; x_wconf 72' lang='lat' dir='ltr'>corpore</span> <span class='ocrx_word' id='word_1_60' title='bbox 755 775 889 809; x_wconf 82' lang='lat' dir='ltr'>pecca-</span> 
     </span>
     <span class='ocr_line' id='line_1_13' title="bbox 112 812 888 860; baseline -0.008 -8"><span class='ocrx_word' id='word_1_61' title='bbox 112 816 218 860; x_wconf 86' lang='lat' dir='ltr'>toris,</span> <span class='ocrx_word' id='word_1_62' title='bbox 246 826 314 851; x_wconf 87' lang='lat' dir='ltr'>nec</span> <span class='ocrx_word' id='word_1_63' title='bbox 341 814 440 850; x_wconf 88' lang='lat' dir='ltr'>enim</span> <span class='ocrx_word' id='word_1_64' title='bbox 469 814 594 849; x_wconf 78' lang='lat' dir='ltr'>vivens</span> <span class='ocrx_word' id='word_1_65' title='bbox 630 812 794 857; x_wconf 65' lang='lat' dir='ltr'>putandi</span> <span class='ocrx_word' id='word_1_66' title='bbox 821 814 888 855; x_wconf 71' lang='lat' dir='ltr'>est,</span> 
     </span>
     <span class='ocr_line' id='line_1_14' title="bbox 114 859 889 909; baseline -0.008 -10"><span class='ocrx_word' id='word_1_67' title='bbox 114 874 197 909; x_wconf 81' lang='lat' dir='ltr'>quoe</span> <span class='ocrx_word' id='word_1_68' title='bbox 219 862 309 898; x_wconf 81' lang='lat' dir='ltr'>nihil</span> <span class='ocrx_word' id='word_1_69' title='bbox 329 861 464 905; x_wconf 89' lang='lat' dir='ltr'>vivum,</span> <span class='ocrx_word' id='word_1_70' title='bbox 501 864 564 895; x_wconf 90' lang='lat' dir='ltr'>aut</span> <span class='ocrx_word' id='word_1_71' title='bbox 586 859 779 906; x_wconf 78' lang='lat' dir='ltr'>spirituale</span> <span class='ocrx_word' id='word_1_72' title='bbox 813 860 889 903; x_wconf 83' lang='lat' dir='ltr'>agit</span> 
     </span>
     <span class='ocr_line' id='line_1_15' title="bbox 113 905 890 956; baseline -0.008 -10"><span class='ocrx_word' id='word_1_73' title='bbox 113 910 152 946; x_wconf 89' lang='lat' dir='ltr'>in</span> <span class='ocrx_word' id='word_1_74' title='bbox 173 920 329 956; x_wconf 89' lang='lat' dir='ltr'>corpore</span> <span class='ocrx_word' id='word_1_75' title='bbox 352 920 360 953; x_wconf 90' lang='lat'><em>;</em></span> <span class='ocrx_word' id='word_1_76' title='bbox 384 909 455 951; x_wconf 88' lang='lat' dir='ltr'>vel,</span> <span class='ocrx_word' id='word_1_77' title='bbox 490 907 577 953; x_wconf 73' lang='lat' dir='ltr'>qula</span> <span class='ocrx_word' id='word_1_78' title='bbox 602 917 701 943; x_wconf 87' lang='lat' dir='ltr'>mors</span> <span class='ocrx_word' id='word_1_79' title='bbox 737 908 814 951; x_wconf 76' lang='lat' dir='ltr'>ipsa</span> <span class='ocrx_word' id='word_1_80' title='bbox 852 905 890 941; x_wconf 92' lang='lat' dir='ltr'>in</span> 
     </span>
     <span class='ocr_line' id='line_1_16' title="bbox 115 953 888 1002; baseline -0.008 -9"><span class='ocrx_word' id='word_1_81' title='bbox 115 957 334 1002; x_wconf 61' lang='lat' dir='ltr'>corposibus</span> <span class='ocrx_word' id='word_1_82' title='bbox 356 955 499 991; x_wconf 86' lang='lat' dir='ltr'>habitat</span> <span class='ocrx_word' id='word_1_83' title='bbox 518 958 767 999; x_wconf 82' lang='lat' dir='ltr'>peccatorum.</span> <span class='ocrx_word' id='word_1_84' title='bbox 788 953 888 988; x_wconf 87' lang='lat' dir='ltr'>Sicut</span> 
     </span>
     <span class='ocr_line' id='line_1_17' title="bbox 115 1001 885 1049; baseline -0.005 -10"><span class='ocrx_word' id='word_1_85' title='bbox 115 1015 204 1049; x_wconf 84' lang='lat' dir='ltr'>ergo</span> <span class='ocrx_word' id='word_1_86' title='bbox 229 1003 481 1044; x_wconf 76' lang='lat' dir='ltr'>sepulchrum.</span> <span class='ocrx_word' id='word_1_87' title='bbox 516 1012 627 1046; x_wconf 82' lang='lat' dir='ltr'>quam</span> <span class='ocrx_word' id='word_1_88' title='bbox 640 1001 693 1035; x_wconf 87' lang='lat' dir='ltr'>liu</span> <span class='ocrx_word' id='word_1_89' title='bbox 716 1001 885 1035; x_wconf 71' lang='lat' dir='ltr'>clausum</span> 
     </span>
     <span class='ocr_line' id='line_1_18' title="bbox 116 1046 885 1095; baseline -0.005 -9"><span class='ocrx_word' id='word_1_90' title='bbox 116 1055 185 1093; x_wconf 88' lang='lat' dir='ltr'>est,</span> <span class='ocrx_word' id='word_1_91' title='bbox 208 1051 407 1095; x_wconf 89' lang='lat' dir='ltr'>pulchrum</span> <span class='ocrx_word' id='word_1_92' title='bbox 426 1048 570 1084; x_wconf 87' lang='lat' dir='ltr'>videtur</span> <span class='ocrx_word' id='word_1_93' title='bbox 589 1048 730 1089; x_wconf 79' lang='lat' dir='ltr'>aforis,</span> <span class='ocrx_word' id='word_1_94' title='bbox 750 1046 779 1081; x_wconf 92' lang='lat' dir='ltr'>si</span> <span class='ocrx_word' id='word_1_95' title='bbox 799 1057 885 1082; x_wconf 89' lang='lat' dir='ltr'>vero</span> 
     </span>
     <span class='ocr_line' id='line_1_19' title="bbox 116 1093 886 1143; baseline -0.008 -10"><span class='ocrx_word' id='word_1_96' title='bbox 116 1101 286 1143; x_wconf 86' lang='lat' dir='ltr'>apertum</span> <span class='ocrx_word' id='word_1_97' title='bbox 309 1096 368 1139; x_wconf 88' lang='lat' dir='ltr'>sit,</span> <span class='ocrx_word' id='word_1_98' title='bbox 392 1095 590 1133; x_wconf 84' lang='lat' dir='ltr'>horribile;</span> <span class='ocrx_word' id='word_1_99' title='bbox 614 1094 666 1130; x_wconf 86' lang='lat' dir='ltr'>ita</span> <span class='ocrx_word' id='word_1_100' title='bbox 687 1093 886 1129; x_wconf 85' lang='lat' dir='ltr'>simulato-</span> 
     </span>
     <span class='ocr_line' id='line_1_20' title="bbox 116 1141 889 1187; baseline -0.008 -7"><span class='ocrx_word' id='word_1_101' title='bbox 116 1155 177 1180; x_wconf 86' lang='lat' dir='ltr'>res</span> <span class='ocrx_word' id='word_1_102' title='bbox 213 1145 413 1185; x_wconf 85' lang='lat' dir='ltr'>bonorum,</span> <span class='ocrx_word' id='word_1_103' title='bbox 441 1141 620 1187; x_wconf 79' lang='lat' dir='ltr'>quamdiu</span> <span class='ocrx_word' id='word_1_104' title='bbox 655 1152 730 1176; x_wconf 89' lang='lat' dir='ltr'>non</span> <span class='ocrx_word' id='word_1_105' title='bbox 750 1150 889 1185; x_wconf 84' lang='lat' dir='ltr'>cogno-</span> 
     </span>
     <span class='ocr_line' id='line_1_21' title="bbox 117 1190 886 1235; baseline -0.007 -8"><span class='ocrx_word' id='word_1_106' title='bbox 117 1195 282 1235; x_wconf 85' lang='lat' dir='ltr'>scuntur,</span> <span class='ocrx_word' id='word_1_107' title='bbox 310 1190 517 1226; x_wconf 68' lang='lat' dir='ltr'>laudabiles</span> <span class='ocrx_word' id='word_1_108' title='bbox 539 1192 637 1232; x_wconf 82' lang='lat' dir='ltr'>sunt,</span> <span class='ocrx_word' id='word_1_109' title='bbox 661 1198 744 1223; x_wconf 88' lang='lat' dir='ltr'>cum</span> <span class='ocrx_word' id='word_1_110' title='bbox 762 1196 886 1222; x_wconf 88' lang='lat' dir='ltr'>autem</span> 
     </span>
     <span class='ocr_line' id='line_1_22' title="bbox 116 1233 891 1283; baseline -0.008 -8"><span class='ocrx_word' id='word_1_111' title='bbox 116 1238 255 1283; x_wconf 78' lang='lat' dir='ltr'>cogniti</span> <span class='ocrx_word' id='word_1_112' title='bbox 277 1237 426 1279; x_wconf 74' lang='lat' dir='ltr'>tuerint,</span> <span class='ocrx_word' id='word_1_113' title='bbox 444 1237 685 1272; x_wconf 80' lang='lat' dir='ltr'>inveniuntur</span> <span class='ocrx_word' id='word_1_114' title='bbox 699 1233 891 1270; x_wconf 89' lang='lat' dir='ltr'>abomina-</span> 
     </span>
     <span class='ocr_line' id='line_1_23' title="bbox 115 1282 892 1330; baseline -0.006 -9"><span class='ocrx_word' id='word_1_115' title='bbox 115 1285 222 1322; x_wconf 81' lang='lat' dir='ltr'><strong>biles.</strong></span> <span class='ocrx_word' id='word_1_116' title='bbox 246 1285 324 1329; x_wconf 85' lang='lat' dir='ltr'>Dic‚</span> <span class='ocrx_word' id='word_1_117' title='bbox 343 1295 364 1320; x_wconf 90' lang='lat' dir='ltr'>o</span> <span class='ocrx_word' id='word_1_118' title='bbox 384 1283 588 1330; x_wconf 61' lang='lat' dir='ltr'>hypocrita,</span> <span class='ocrx_word' id='word_1_119' title='bbox 612 1282 642 1318; x_wconf 88' lang='lat' dir='ltr'>si</span> <span class='ocrx_word' id='word_1_120' title='bbox 676 1283 814 1317; x_wconf 87' lang='lat' dir='ltr'>bouum</span> <span class='ocrx_word' id='word_1_121' title='bbox 835 1283 892 1316; x_wconf 85' lang='lat' dir='ltr'>est</span> 
     </span>
     <span class='ocr_line' id='line_1_24' title="bbox 116 1329 892 1376; baseline -0.008 -8"><span class='ocrx_word' id='word_1_122' title='bbox 116 1343 196 1368; x_wconf 89' lang='lat' dir='ltr'>esse</span> <span class='ocrx_word' id='word_1_123' title='bbox 216 1333 368 1375; x_wconf 85' lang='lat' dir='ltr'>malum,</span> <span class='ocrx_word' id='word_1_124' title='bbox 389 1331 519 1376; x_wconf 58' lang='lat' dir='ltr'>utquid</span> <span class='ocrx_word' id='word_1_125' title='bbox 541 1341 613 1366; x_wconf 80' lang='lat' dir='ltr'>non</span> <span class='ocrx_word' id='word_1_126' title='bbox 637 1329 690 1365; x_wconf 87' lang='lat' dir='ltr'>vis</span> <span class='ocrx_word' id='word_1_127' title='bbox 710 1338 892 1374; x_wconf 85' lang='lat' dir='ltr'>apparere</span> 
     </span>
     <span class='ocr_line' id='line_1_25' title="bbox 116 1377 891 1425; baseline -0.006 -11"><span class='ocrx_word' id='word_1_128' title='bbox 116 1379 216 1425; x_wconf 86' lang='lat' dir='ltr'>quod</span> <span class='ocrx_word' id='word_1_129' title='bbox 234 1390 286 1415; x_wconf 78' lang='lat' dir='ltr'>vis</span> <span class='ocrx_word' id='word_1_130' title='bbox 315 1389 397 1415; x_wconf 88' lang='lat' dir='ltr'>esse</span> <span class='ocrx_word' id='word_1_131' title='bbox 414 1379 430 1413; x_wconf 68' lang='grc' dir='ltr'>’ἶ</span> <span class='ocrx_word' id='word_1_132' title='bbox 449 1377 486 1413; x_wconf 88' lang='lat' dir='ltr'>Si</span> <span class='ocrx_word' id='word_1_133' title='bbox 526 1378 668 1412; x_wconf 87' lang='lat' dir='ltr'>bonum</span> <span class='ocrx_word' id='word_1_134' title='bbox 690 1383 816 1412; x_wconf 78' lang='lat' dir='ltr'>autem</span> <span class='ocrx_word' id='word_1_135' title='bbox 837 1378 891 1410; x_wconf 89' lang='lat' dir='ltr'>est</span> 
     </span>
     <span class='ocr_line' id='line_1_26' title="bbox 117 1421 892 1468; baseline -0.008 -5"><span class='ocrx_word' id='word_1_136' title='bbox 117 1437 199 1463; x_wconf 91' lang='lat' dir='ltr'>esse</span> <span class='ocrx_word' id='word_1_137' title='bbox 217 1427 238 1462; x_wconf 89' lang='lat' dir='ltr'>b</span> <span class='ocrx_word' id='word_1_138' title='bbox 251 1436 372 1468; x_wconf 65' lang='lat' dir='ltr'>inum,</span> <span class='ocrx_word' id='word_1_139' title='bbox 388 1424 521 1468; x_wconf 79' lang='lat' dir='ltr'>utquid</span> <span class='ocrx_word' id='word_1_140' title='bbox 540 1434 613 1460; x_wconf 89' lang='lat' dir='ltr'>non</span> <span class='ocrx_word' id='word_1_141' title='bbox 631 1424 683 1458; x_wconf 85' lang='lat' dir='ltr'>vis</span> <span class='ocrx_word' id='word_1_142' title='bbox 695 1434 775 1459; x_wconf 64' lang='lat' dir='ltr'>esse</span> <span class='ocrx_word' id='word_1_143' title='bbox 791 1421 892 1468; x_wconf 88' lang='lat' dir='ltr'>quod</span> 
     </span>
     <span class='ocr_line' id='line_1_27' title="bbox 118 1470 894 1519; baseline -0.006 -11"><span class='ocrx_word' id='word_1_144' title='bbox 118 1475 173 1508; x_wconf 88' lang='lat' dir='ltr'>vis</span> <span class='ocrx_word' id='word_1_145' title='bbox 194 1483 376 1519; x_wconf 83' lang='lat' dir='ltr'>apparere</span> <span class='ocrx_word' id='word_1_146' title='bbox 395 1473 412 1507; x_wconf 67' lang='grc' dir='ltr'>’ἲ</span> <span class='ocrx_word' id='word_1_147' title='bbox 438 1473 544 1514; x_wconf 87' lang='lat' dir='ltr'>Nam,</span> <span class='ocrx_word' id='word_1_148' title='bbox 565 1470 665 1516; x_wconf 87' lang='lat' dir='ltr'>quod</span> <span class='ocrx_word' id='word_1_149' title='bbox 695 1476 801 1515; x_wconf 88' lang='lat' dir='ltr'>turpe</span> <span class='ocrx_word' id='word_1_150' title='bbox 837 1473 894 1504; x_wconf 87' lang='lat' dir='ltr'>est</span> 
     </span>
     <span class='ocr_line' id='line_1_28' title="bbox 119 1516 892 1566; baseline -0.006 -10"><span class='ocrx_word' id='word_1_151' title='bbox 119 1530 317 1566; x_wconf 72' lang='lat' dir='ltr'>appu-ore,</span> <span class='ocrx_word' id='word_1_152' title='bbox 334 1517 477 1564; x_wconf 88' lang='lat' dir='ltr'>turpius</span> <span class='ocrx_word' id='word_1_153' title='bbox 498 1521 549 1553; x_wconf 89' lang='lat' dir='ltr'>est</span> <span class='ocrx_word' id='word_1_154' title='bbox 577 1528 682 1560; x_wconf 77' lang='lat' dir='ltr'>esse3</span> <span class='ocrx_word' id='word_1_155' title='bbox 705 1516 806 1562; x_wconf 86' lang='lat' dir='ltr'>quod</span> <span class='ocrx_word' id='word_1_156' title='bbox 826 1526 892 1551; x_wconf 86' lang='lat' dir='ltr'>au-</span> 
     </span>
     <span class='ocr_line' id='line_1_29' title="bbox 119 1562 893 1611; baseline -0.008 -8"><span class='ocrx_word' id='word_1_157' title='bbox 119 1572 195 1604; x_wconf 86' lang='lat' dir='ltr'>tem</span> <span class='ocrx_word' id='word_1_158' title='bbox 209 1567 411 1602; x_wconf 75' lang='lat' dir='ltr'>formosum</span> <span class='ocrx_word' id='word_1_159' title='bbox 428 1569 482 1602; x_wconf 87' lang='lat' dir='ltr'>est</span> <span class='ocrx_word' id='word_1_160' title='bbox 497 1575 678 1611; x_wconf 81' lang='lat' dir='ltr'>apparere</span> <span class='ocrx_word' id='word_1_161' title='bbox 692 1562 893 1599; x_wconf 77' lang='lat' dir='ltr'>formosius</span> 
     </span>
     <span class='ocr_line' id='line_1_30' title="bbox 121 1611 892 1659; baseline -0.006 -9"><span class='ocrx_word' id='word_1_162' title='bbox 121 1618 177 1651; x_wconf 87' lang='lat' dir='ltr'>est</span> <span class='ocrx_word' id='word_1_163' title='bbox 194 1624 287 1650; x_wconf 90' lang='lat' dir='ltr'>esse.</span> <span class='ocrx_word' id='word_1_164' title='bbox 304 1615 398 1659; x_wconf 85' lang='lat' dir='ltr'>Ergo</span> <span class='ocrx_word' id='word_1_165' title='bbox 414 1616 476 1648; x_wconf 83' lang='lat' dir='ltr'>aut</span> <span class='ocrx_word' id='word_1_166' title='bbox 496 1618 575 1648; x_wconf 83' lang='lat' dir='ltr'>esto</span> <span class='ocrx_word' id='word_1_167' title='bbox 598 1611 698 1657; x_wconf 84' lang='lat' dir='ltr'>quod</span> <span class='ocrx_word' id='word_1_168' title='bbox 717 1620 892 1656; x_wconf 76' lang='lat' dir='ltr'>appares,</span> 
     </span>
     <span class='ocr_line' id='line_1_31' title="bbox 120 1657 893 1706; baseline -0.006 -9"><span class='ocrx_word' id='word_1_169' title='bbox 120 1664 184 1698; x_wconf 84' lang='lat' dir='ltr'>aut</span> <span class='ocrx_word' id='word_1_170' title='bbox 199 1671 338 1706; x_wconf 85' lang='lat' dir='ltr'>appare</span> <span class='ocrx_word' id='word_1_171' title='bbox 357 1660 455 1706; x_wconf 72' lang='lat' dir='ltr'>quod</span> <span class='ocrx_word' id='word_1_172' title='bbox 470 1671 526 1702; x_wconf 65' lang='lat' dir='ltr'>e÷;</span> <span class='ocrx_word' id='word_1_173' title='bbox 548 1658 633 1705; x_wconf 81' lang='lat' dir='ltr'>quia</span> <span class='ocrx_word' id='word_1_174' title='bbox 654 1657 893 1694; x_wconf 75' lang='lat' dir='ltr'>manifestum</span> 
     </span>
     <span class='ocr_line' id='line_1_32' title="bbox 121 1706 893 1753; baseline -0.008 -9"><span class='ocrx_word' id='word_1_175' title='bbox 121 1710 261 1744; x_wconf 90' lang='lat' dir='ltr'>malum</span> <span class='ocrx_word' id='word_1_176' title='bbox 282 1718 304 1743; x_wconf 82' lang='lat' dir='ltr'>a</span> <span class='ocrx_word' id='word_1_177' title='bbox 339 1706 569 1753; x_wconf 66' lang='lat' dir='ltr'>sapientibm</span> <span class='ocrx_word' id='word_1_178' title='bbox 592 1716 666 1741; x_wconf 90' lang='lat' dir='ltr'>non</span> <span class='ocrx_word' id='word_1_179' title='bbox 694 1706 893 1749; x_wconf 83' lang='lat' dir='ltr'>reprehen-</span> 
     </span>
     <span class='ocr_line' id='line_1_33' title="bbox 121 1752 895 1798; baseline -0.006 -7"><span class='ocrx_word' id='word_1_180' title='bbox 121 1755 234 1798; x_wconf 88' lang='lat' dir='ltr'>ditur,</span> <span class='ocrx_word' id='word_1_181' title='bbox 250 1755 337 1790; x_wconf 87' lang='lat' dir='ltr'>dum</span> <span class='ocrx_word' id='word_1_182' title='bbox 359 1753 506 1790; x_wconf 80' lang='lat' dir='ltr'>insanit</span> <span class='ocrx_word' id='word_1_183' title='bbox 523 1752 751 1789; x_wconf 75' lang='lat' dir='ltr'>aestimatur:</span> <span class='ocrx_word' id='word_1_184' title='bbox 776 1766 790 1782; x_wconf 88' lang='lat'>»</span> <span class='ocrx_word' id='word_1_185' title='bbox 817 1753 895 1786; x_wconf 85' lang='lat' dir='ltr'>haec</span> 
     </span>
     <span class='ocr_line' id='line_1_34' title="bbox 123 1799 894 1846; baseline -0.008 -8"><span class='ocrx_word' id='word_1_186' title='bbox 123 1804 406 1846; x_wconf 68' lang='lat' dir='ltr'>chrysostomus.</span> <span class='ocrx_word' id='word_1_187' title='bbox 443 1800 546 1836; x_wconf 83' lang='lat' dir='ltr'>Unde</span> <span class='ocrx_word' id='word_1_188' title='bbox 584 1802 619 1834; x_wconf 89' lang='lat' dir='ltr'>et</span> <span class='ocrx_word' id='word_1_189' title='bbox 658 1799 865 1834; x_wconf 61' lang='lat' dir='ltr'>Bernartius</span> <span class='ocrx_word' id='word_1_190' title='bbox 884 1810 894 1832; x_wconf 90' lang='lat'>:</span> 
     </span>
     <span class='ocr_line' id='line_1_35' title="bbox 124 1845 895 1892; baseline -0.003 -10"><span class='ocrx_word' id='word_1_191' title='bbox 124 1864 142 1882; x_wconf 88' lang='lat'>«</span> <span class='ocrx_word' id='word_1_192' title='bbox 159 1850 274 1892; x_wconf 88' lang='lat' dir='ltr'>Quem</span> <span class='ocrx_word' id='word_1_193' title='bbox 291 1848 394 1884; x_wconf 78' lang='lat' dir='ltr'>dabis</span> <span class='ocrx_word' id='word_1_194' title='bbox 410 1848 454 1883; x_wconf 76' lang='lat' dir='ltr'>de</span> <span class='ocrx_word' id='word_1_195' title='bbox 471 1846 557 1882; x_wconf 79' lang='lat' dir='ltr'>filiis</span> <span class='ocrx_word' id='word_1_196' title='bbox 569 1846 701 1888; x_wconf 83' lang='lat' dir='ltr'>Adam,</span> <span class='ocrx_word' id='word_1_197' title='bbox 716 1845 779 1892; x_wconf 90' lang='lat' dir='ltr'>qui</span> <span class='ocrx_word' id='word_1_198' title='bbox 793 1845 895 1890; x_wconf 81' lang='lat' dir='ltr'>quod</span> 
     </span>
     <span class='ocr_line' id='line_1_36' title="bbox 122 1892 895 1938; baseline -0.006 -6"><span class='ocrx_word' id='word_1_199' title='bbox 122 1900 174 1933; x_wconf 89' lang='lat' dir='ltr'>est</span> <span class='ocrx_word' id='word_1_200' title='bbox 197 1906 271 1931; x_wconf 91' lang='lat' dir='ltr'>non</span> <span class='ocrx_word' id='word_1_201' title='bbox 299 1895 382 1931; x_wconf 86' lang='lat' dir='ltr'>dico</span> <span class='ocrx_word' id='word_1_202' title='bbox 409 1893 511 1937; x_wconf 91' lang='lat' dir='ltr'>velit,</span> <span class='ocrx_word' id='word_1_203' title='bbox 551 1893 618 1929; x_wconf 85' lang='lat' dir='ltr'>sed</span> <span class='ocrx_word' id='word_1_204' title='bbox 651 1893 706 1928; x_wconf 91' lang='lat' dir='ltr'>vel</span> <span class='ocrx_word' id='word_1_205' title='bbox 730 1892 895 1938; x_wconf 88' lang='lat' dir='ltr'>patiatur</span> 
     </span>
     <span class='ocr_line' id='line_1_37' title="bbox 122 1942 316 1980; baseline -0.026 0"><span class='ocrx_word' id='word_1_206' title='bbox 122 1942 242 1980; x_wconf 74' lang='lat' dir='ltr'>videri</span> <span class='ocrx_word' id='word_1_207' title='bbox 263 1942 280 1978; x_wconf 72' lang='lat'>⁶?</span> <span class='ocrx_word' id='word_1_208' title='bbox 299 1955 316 1975; x_wconf 84' lang='lat'>›)</span> 
     </span>
    </p>

    <p class='ocr_par' dir='ltr' id='par_1_3' title="bbox 122 1991 909 2882">
     <span class='ocr_line' id='line_1_38' title="bbox 169 1991 896 2038; baseline -0.006 -12"><span class='ocrx_word' id='word_1_209' title='bbox 169 2006 190 2038; x_wconf 88' lang='lat'>9</span> <span class='ocrx_word' id='word_1_210' title='bbox 213 1991 270 2026; x_wconf 69' lang='lat' dir='ltr'>VAE</span> <span class='ocrx_word' id='word_1_211' title='bbox 290 2001 333 2025; x_wconf 70' lang='lat' dir='ltr'>ne</span> <span class='ocrx_word' id='word_1_212' title='bbox 352 1999 599 2024; x_wconf 54' lang='lat' dir='ltr'>nomcrnussn</span> <span class='ocrx_word' id='word_1_213' title='bbox 620 1998 708 2023; x_wconf 77' lang='lat' dir='ltr'>IPSIS</span> <span class='ocrx_word' id='word_1_214' title='bbox 730 1998 770 2022; x_wconf 82' lang='lat' dir='ltr'>ET</span> <span class='ocrx_word' id='word_1_215' title='bbox 791 1997 813 2022; x_wconf 84' lang='lat' dir='ltr'>A</span> <span class='ocrx_word' id='word_1_216' title='bbox 834 1997 896 2022; x_wconf 78' lang='lat' dir='ltr'>PA-</span> 
     </span>
     <span class='ocr_line' id='line_1_39' title="bbox 122 2036 896 2074; baseline -0.009 0"><span class='ocrx_word' id='word_1_217' title='bbox 122 2049 246 2074; x_wconf 81' lang='lat' dir='ltr'>TRtBUS</span> <span class='ocrx_word' id='word_1_218' title='bbox 269 2047 387 2073; x_wconf 69' lang='lat' dir='ltr'>sonim</span> <span class='ocrx_word' id='word_1_219' title='bbox 409 2046 605 2070; x_wconf 66' lang='lat' dir='ltr'>COMMISSIS.</span> <span class='ocrx_word' id='word_1_220' title='bbox 625 2055 670 2061; x_wconf 89' lang='lat'>—</span> <span class='ocrx_word' id='word_1_221' title='bbox 690 2036 729 2070; x_wconf 90' lang='lat' dir='ltr'>In</span> <span class='ocrx_word' id='word_1_222' title='bbox 751 2037 896 2074; x_wconf 85' lang='lat' dir='ltr'>octavo,</span> 
     </span>
     <span class='ocr_line' id='line_1_40' title="bbox 123 2080 898 2130; baseline -0.008 -10"><span class='ocrx_word' id='word_1_223' title='bbox 123 2084 390 2130; x_wconf 77' lang='lat' dir='ltr'>redarguiteos</span> <span class='ocrx_word' id='word_1_224' title='bbox 407 2082 503 2118; x_wconf 79' lang='lat' dir='ltr'>tilios</span> <span class='ocrx_word' id='word_1_225' title='bbox 516 2092 598 2118; x_wconf 92' lang='lat' dir='ltr'>esse</span> <span class='ocrx_word' id='word_1_226' title='bbox 609 2080 898 2116; x_wconf 74' lang='lat' dir='ltr'>homicidarum.</span> 
     </span>
     <span class='ocr_line' id='line_1_41' title="bbox 130 2128 902 2173; baseline -0.006 -7"><span class='ocrx_word' id='word_1_227' title='bbox 130 2133 191 2168; x_wconf 83' lang='lat' dir='ltr'>Vae</span> <span class='ocrx_word' id='word_1_228' title='bbox 205 2132 318 2173; x_wconf 76' lang='lat' dir='ltr'>vobis,</span> <span class='ocrx_word' id='word_1_229' title='bbox 338 2130 471 2166; x_wconf 79' lang='lat' dir='ltr'>Scribae</span> <span class='ocrx_word' id='word_1_230' title='bbox 492 2132 524 2164; x_wconf 80' lang='lat' dir='ltr'>et</span> <span class='ocrx_word' id='word_1_231' title='bbox 542 2130 718 2164; x_wconf 66' lang='lat' dir='ltr'>Pharisaei</span> <span class='ocrx_word' id='word_1_232' title='bbox 739 2128 902 2172; x_wconf 73' lang='lat' dir='ltr'>hypocri-</span> 
     </span>
     <span class='ocr_line' id='line_1_42' title="bbox 130 2176 904 2222; baseline -0.008 -9"><span class='ocrx_word' id='word_1_233' title='bbox 130 2181 186 2222; x_wconf 81' lang='lat' dir='ltr'>tae,</span> <span class='ocrx_word' id='word_1_234' title='bbox 209 2179 272 2222; x_wconf 77' lang='lat' dir='ltr'>qui</span> <span class='ocrx_word' id='word_1_235' title='bbox 290 2178 478 2221; x_wconf 61' lang='lat' dir='ltr'>{edificatis</span> <span class='ocrx_word' id='word_1_236' title='bbox 499 2177 689 2220; x_wconf 72' lang='lat' dir='ltr'>sepulchra</span> <span class='ocrx_word' id='word_1_237' title='bbox 712 2176 904 2219; x_wconf 75' lang='lat' dir='ltr'>Propheta-</span> 
     </span>
     <span class='ocr_line' id='line_1_43' title="bbox 130 2221 904 2265; baseline -0.006 -6"><span class='ocrx_word' id='word_1_238' title='bbox 130 2236 212 2260; x_wconf 78' lang='lat' dir='ltr'>rum</span> <span class='ocrx_word' id='word_1_239' title='bbox 223 2228 255 2259; x_wconf 77' lang='lat' dir='ltr'>et</span> <span class='ocrx_word' id='word_1_240' title='bbox 269 2225 407 2259; x_wconf 73' lang='lat' dir='ltr'>ornatis</span> <span class='ocrx_word' id='word_1_241' title='bbox 420 2222 846 2265; x_wconf 68' lang='lat' dir='ltr'>monumentajustomm.</span> <span class='ocrx_word' id='word_1_242' title='bbox 862 2221 904 2255; x_wconf 92' lang='lat' dir='ltr'>ll-</span> 
     </span>
     <span class='ocr_line' id='line_1_44' title="bbox 133 2267 905 2316; baseline -0.005 -10"><span class='ocrx_word' id='word_1_243' title='bbox 133 2270 158 2306; x_wconf 92' lang='lat' dir='ltr'>li</span> <span class='ocrx_word' id='word_1_244' title='bbox 170 2270 269 2306; x_wconf 89' lang='lat' dir='ltr'>enim</span> <span class='ocrx_word' id='word_1_245' title='bbox 286 2273 435 2316; x_wconf 81' lang='lat' dir='ltr'>propter</span> <span class='ocrx_word' id='word_1_246' title='bbox 449 2268 666 2315; x_wconf 82' lang='lat' dir='ltr'>opinionem</span> <span class='ocrx_word' id='word_1_247' title='bbox 682 2267 858 2304; x_wconf 85' lang='lat' dir='ltr'>bonitatis</span> <span class='ocrx_word' id='word_1_248' title='bbox 870 2270 905 2303; x_wconf 92' lang='lat' dir='ltr'>et</span> 
     </span>
     <span class='ocr_line' id='line_1_45' title="bbox 133 2315 904 2364; baseline -0.005 -11"><span class='ocrx_word' id='word_1_249' title='bbox 133 2318 262 2364; x_wconf 83' lang='lat' dir='ltr'>gloriae</span> <span class='ocrx_word' id='word_1_250' title='bbox 288 2317 326 2353; x_wconf 92' lang='lat' dir='ltr'>in</span> <span class='ocrx_word' id='word_1_251' title='bbox 351 2316 499 2362; x_wconf 86' lang='lat' dir='ltr'>populo,</span> <span class='ocrx_word' id='word_1_252' title='bbox 520 2320 559 2351; x_wconf 91' lang='lat' dir='ltr'>ut</span> <span class='ocrx_word' id='word_1_253' title='bbox 581 2315 904 2361; x_wconf 84' lang='lat' dir='ltr'>justividerentur‚</span> 
     </span>
     <span class='ocr_line' id='line_1_46' title="bbox 142 2362 907 2410; baseline -0.004 -10"><span class='ocrx_word' id='word_1_254' title='bbox 142 2365 339 2410; x_wconf 84' lang='lat' dir='ltr'>sepulchra</span> <span class='ocrx_word' id='word_1_255' title='bbox 359 2367 396 2399; x_wconf 90' lang='lat' dir='ltr'>et</span> <span class='ocrx_word' id='word_1_256' title='bbox 417 2362 617 2398; x_wconf 73' lang='lat' dir='ltr'>memorias</span> <span class='ocrx_word' id='word_1_257' title='bbox 633 2363 907 2408; x_wconf 71' lang='lat' dir='ltr'>Prophetarum</span> 
     </span>
     <span class='ocr_line' id='line_1_47' title="bbox 132 2409 906 2448; baseline -0.004 -1"><span class='ocrx_word' id='word_1_258' title='bbox 132 2414 169 2448; x_wconf 90' lang='lat' dir='ltr'>et</span> <span class='ocrx_word' id='word_1_259' title='bbox 181 2410 389 2447; x_wconf 84' lang='lat' dir='ltr'>occisorum</span> <span class='ocrx_word' id='word_1_260' title='bbox 405 2410 601 2445; x_wconf 74' lang='lat' dir='ltr'>ambitiose</span> <span class='ocrx_word' id='word_1_261' title='bbox 620 2409 858 2446; x_wconf 76' lang='lat' dir='ltr'>aedificabant</span> <span class='ocrx_word' id='word_1_262' title='bbox 871 2412 906 2445; x_wconf 90' lang='lat' dir='ltr'>et</span> 
     </span>
     <span class='ocr_line' id='line_1_48' title="bbox 131 2457 909 2504; baseline -0.005 -9"><span class='ocrx_word' id='word_1_263' title='bbox 131 2457 330 2504; x_wconf 84' lang='lat' dir='ltr'>magnifice</span> <span class='ocrx_word' id='word_1_264' title='bbox 349 2458 534 2493; x_wconf 80' lang='lat' dir='ltr'>ornabant</span> <span class='ocrx_word' id='word_1_265' title='bbox 555 2467 647 2502; x_wconf 86' lang='lat' dir='ltr'>quos</span> <span class='ocrx_word' id='word_1_266' title='bbox 669 2458 830 2502; x_wconf 85' lang='lat' dir='ltr'>maj0res</span> <span class='ocrx_word' id='word_1_267' title='bbox 849 2467 909 2492; x_wconf 84' lang='lat' dir='ltr'>co-</span> 
     </span>
     <span class='ocr_line' id='line_1_49' title="bbox 130 2503 905 2541; baseline -0.001 0"><span class='ocrx_word' id='word_1_268' title='bbox 130 2503 905 2541; x_wconf 67' lang='lat' dir='ltr'>ruminterret-erunt.Subditur:Etdtcitisz</span> 
     </span>
     <span class='ocr_line' id='line_1_50' title="bbox 130 2551 904 2596; baseline -0.004 -7"><span class='ocrx_word' id='word_1_269' title='bbox 130 2554 173 2590; x_wconf 71' lang='lat' dir='ltr'>St·</span> <span class='ocrx_word' id='word_1_270' title='bbox 186 2553 381 2596; x_wconf 72' lang='lat' dir='ltr'>fuissemus</span> <span class='ocrx_word' id='word_1_271' title='bbox 395 2553 433 2586; x_wconf 80' lang='lat' dir='ltr'>in</span> <span class='ocrx_word' id='word_1_272' title='bbox 450 2551 575 2586; x_wconf 71' lang='lat' dir='ltr'>diebus</span> <span class='ocrx_word' id='word_1_273' title='bbox 594 2554 740 2596; x_wconf 75' lang='lat' dir='ltr'>patrum</span> <span class='ocrx_word' id='word_1_274' title='bbox 764 2554 904 2586; x_wconf 71' lang='lat' dir='ltr'>nostro-</span> 
     </span>
     <span class='ocr_line' id='line_1_51' title="bbox 130 2600 904 2643; baseline -0.003 -8"><span class='ocrx_word' id='word_1_275' title='bbox 130 2610 225 2643; x_wconf 81' lang='lat' dir='ltr'>rum,</span> <span class='ocrx_word' id='word_1_276' title='bbox 246 2609 317 2634; x_wconf 86' lang='lat' dir='ltr'>non</span> <span class='ocrx_word' id='word_1_277' title='bbox 330 2608 483 2633; x_wconf 79' lang='lat' dir='ltr'>essemus</span> <span class='ocrx_word' id='word_1_278' title='bbox 503 2608 591 2632; x_wconf 71' lang='lat' dir='ltr'>soen</span> <span class='ocrx_word' id='word_1_279' title='bbox 611 2608 731 2633; x_wconf 75' lang='lat' dir='ltr'>eoram</span> <span class='ocrx_word' id='word_1_280' title='bbox 751 2600 789 2633; x_wconf 80' lang='lat' dir='ltr'>in</span> <span class='ocrx_word' id='word_1_281' title='bbox 811 2609 904 2633; x_wconf 82' lang='lat' dir='ltr'>san-</span> 
     </span>
     <span class='ocr_line' id='line_1_52' title="bbox 131 2643 907 2690; baseline -0.003 -9"><span class='ocrx_word' id='word_1_282' title='bbox 131 2647 244 2690; x_wconf 64' lang='lat' dir='ltr'>quine</span> <span class='ocrx_word' id='word_1_283' title='bbox 263 2646 535 2690; x_wconf 73' lang='lat' dir='ltr'>Prophetarum,</span> <span class='ocrx_word' id='word_1_284' title='bbox 552 2643 589 2679; x_wconf 94' lang='lat' dir='ltr'>id</span> <span class='ocrx_word' id='word_1_285' title='bbox 604 2647 661 2680; x_wconf 85' lang='lat' dir='ltr'>est</span> <span class='ocrx_word' id='word_1_286' title='bbox 679 2644 769 2680; x_wconf 86' lang='lat' dir='ltr'>socii</span> <span class='ocrx_word' id='word_1_287' title='bbox 790 2645 837 2680; x_wconf 91' lang='lat' dir='ltr'>ad</span> <span class='ocrx_word' id='word_1_288' title='bbox 858 2644 907 2681; x_wconf 85' lang='lat' dir='ltr'>ef-</span> 
     </span>
     <span class='ocr_line' id='line_1_53' title="bbox 131 2691 904 2736; baseline -0.003 -7"><span class='ocrx_word' id='word_1_289' title='bbox 131 2692 364 2729; x_wconf 84' lang='lat' dir='ltr'>fundendum</span> <span class='ocrx_word' id='word_1_290' title='bbox 401 2691 623 2736; x_wconf 85' lang='lat' dir='ltr'>sanguinem</span> <span class='ocrx_word' id='word_1_291' title='bbox 661 2702 806 2735; x_wconf 89' lang='lat' dir='ltr'>eorum,</span> <span class='ocrx_word' id='word_1_292' title='bbox 835 2702 904 2727; x_wconf 88' lang='lat' dir='ltr'>nec</span> 
     </span>
     <span class='ocr_line' id='line_1_54' title="bbox 132 2738 903 2784; baseline -0.003 -8"><span class='ocrx_word' id='word_1_293' title='bbox 132 2739 348 2776; x_wconf 75' lang='lat' dir='ltr'>fecissemus</span> <span class='ocrx_word' id='word_1_294' title='bbox 359 2748 404 2775; x_wconf 91' lang='lat' dir='ltr'>ea</span> <span class='ocrx_word' id='word_1_295' title='bbox 420 2748 504 2783; x_wconf 84' lang='lat' dir='ltr'>quae</span> <span class='ocrx_word' id='word_1_296' title='bbox 527 2741 649 2784; x_wconf 84' lang='lat' dir='ltr'>patres</span> <span class='ocrx_word' id='word_1_297' title='bbox 671 2738 788 2773; x_wconf 86' lang='lat' dir='ltr'>nostri</span> <span class='ocrx_word' id='word_1_298' title='bbox 811 2739 903 2774; x_wconf 83' lang='lat' dir='ltr'>fece-</span> 
     </span>
     <span class='ocr_line' id='line_1_55' title="bbox 135 2785 902 2823; baseline -0.003 0"><span class='ocrx_word' id='word_1_299' title='bbox 135 2788 280 2823; x_wconf 86' lang='lat' dir='ltr'>runt.1n</span> <span class='ocrx_word' id='word_1_300' title='bbox 298 2788 368 2822; x_wconf 90' lang='lat' dir='ltr'>hoc</span> <span class='ocrx_word' id='word_1_301' title='bbox 388 2789 514 2821; x_wconf 89' lang='lat' dir='ltr'>autem</span> <span class='ocrx_word' id='word_1_302' title='bbox 534 2788 720 2820; x_wconf 75' lang='lat' dir='ltr'>testantur</span> <span class='ocrx_word' id='word_1_303' title='bbox 739 2795 778 2820; x_wconf 86' lang='lat' dir='ltr'>se</span> <span class='ocrx_word' id='word_1_304' title='bbox 805 2785 902 2821; x_wconf 80' lang='lat' dir='ltr'>filios</span> 
     </span>
     <span class='ocr_line' id='line_1_56' title="bbox 137 2831 906 2882; baseline -0.004 -11"><span class='ocrx_word' id='word_1_305' title='bbox 137 2844 268 2876; x_wconf 83' lang='lat' dir='ltr'>eorum</span> <span class='ocrx_word' id='word_1_306' title='bbox 285 2832 347 2882; x_wconf 89' lang='lat' dir='ltr'>qui</span> <span class='ocrx_word' id='word_1_307' title='bbox 369 2833 575 2881; x_wconf 80' lang='lat' dir='ltr'>Prophetas</span> <span class='ocrx_word' id='word_1_308' title='bbox 588 2831 823 2877; x_wconf 85' lang='lat' dir='ltr'>occiderunt;</span> <span class='ocrx_word' id='word_1_309' title='bbox 842 2843 906 2868; x_wconf 91' lang='lat' dir='ltr'>un-</span> 
     </span>
    </p>
   </div>
   <div class='ocr_carea' id='block_1_3' title="bbox 524 219 1343 261">
    <p class='ocr_par' dir='ltr' id='par_1_4' title="bbox 524 219 1343 261">
     <span class='ocr_line' id='line_1_57' title="bbox 524 219 1343 261; baseline -0.009 0"><span class='ocrx_word' id='word_1_310' title='bbox 524 225 732 261; x_wconf 83' lang='lat' dir='ltr'>SECUNDAE</span> <span class='ocrx_word' id='word_1_311' title='bbox 769 224 928 259; x_wconf 79' lang='lat' dir='ltr'>PARTlS</span> <span class='ocrx_word' id='word_1_312' title='bbox 969 222 1109 257; x_wconf 82' lang='lat' dir='ltr'>CAPUT</span> <span class='ocrx_word' id='word_1_313' title='bbox 1146 219 1343 257; x_wconf 78' lang='lat' dir='ltr'>XXXVIII</span> 
     </span>
    </p>
   </div>
   <div class='ocr_carea' id='block_1_4' title="bbox 962 290 1758 2876">
    <p class='ocr_par' dir='ltr' id='par_1_5' title="bbox 962 290 1758 2876">
     <span class='ocr_line' id='line_1_58' title="bbox 971 290 1741 339; baseline -0.003 -11"><span class='ocrx_word' id='word_1_314' title='bbox 971 293 1017 329; x_wconf 91' lang='lat' dir='ltr'>de</span> <span class='ocrx_word' id='word_1_315' title='bbox 1036 291 1227 339; x_wconf 86' lang='lat' dir='ltr'>subjungit</span> <span class='ocrx_word' id='word_1_316' title='bbox 1252 290 1431 328; x_wconf 81' lang='lat' dir='ltr'>Dominus</span> <span class='ocrx_word' id='word_1_317' title='bbox 1459 301 1466 326; x_wconf 90' lang='lat'>:</span> <span class='ocrx_word' id='word_1_318' title='bbox 1496 291 1622 336; x_wconf 75' lang='lat' dir='ltr'>Itaque</span> <span class='ocrx_word' id='word_1_319' title='bbox 1640 291 1741 327; x_wconf 79' lang='lat' dir='ltr'>testi-</span> 
     </span>
     <span class='ocr_line' id='line_1_59' title="bbox 965 339 1740 383; baseline -0.004 -8"><span class='ocrx_word' id='word_1_320' title='bbox 965 342 1084 376; x_wconf 75' lang='lat' dir='ltr'>monio</span> <span class='ocrx_word' id='word_1_321' title='bbox 1106 341 1190 375; x_wconf 70' lang='lat' dir='ltr'>estis</span> <span class='ocrx_word' id='word_1_322' title='bbox 1205 340 1482 383; x_wconf 66' lang='lat' dir='ltr'>vobismetipsis,</span> <span class='ocrx_word' id='word_1_323' title='bbox 1502 340 1589 383; x_wconf 67' lang='lat' dir='ltr'>qaia</span> <span class='ocrx_word' id='word_1_324' title='bbox 1604 339 1674 382; x_wconf 63' lang='lat' dir='ltr'>stlta·</span> <span class='ocrx_word' id='word_1_325' title='bbox 1691 349 1740 373; x_wconf 84' lang='lat' dir='ltr'>es-</span> 
     </span>
     <span class='ocr_line' id='line_1_60' title="bbox 964 386 1733 432; baseline -0.004 -9"><span class='ocrx_word' id='word_1_326' title='bbox 964 389 1012 423; x_wconf 76' lang='lat' dir='ltr'>tis</span> <span class='ocrx_word' id='word_1_327' title='bbox 1039 398 1172 427; x_wconf 77' lang='lat' dir='ltr'>eor-um,</span> <span class='ocrx_word' id='word_1_328' title='bbox 1199 389 1262 432; x_wconf 75' lang='lat' dir='ltr'>qui</span> <span class='ocrx_word' id='word_1_329' title='bbox 1289 388 1486 431; x_wconf 71' lang='lat' dir='ltr'>Prophetas</span> <span class='ocrx_word' id='word_1_330' title='bbox 1517 386 1733 420; x_wconf 70' lang='lat' dir='ltr'>occiderunt.</span> 
     </span>
     <span class='ocr_line' id='line_1_61' title="bbox 966 431 1734 480; baseline -0.004 -10"><span class='ocrx_word' id='word_1_331' title='bbox 966 434 1113 470; x_wconf 76' lang='lat' dir='ltr'>seelera</span> <span class='ocrx_word' id='word_1_332' title='bbox 1130 436 1291 480; x_wconf 84' lang='lat' dir='ltr'>patrum,</span> <span class='ocrx_word' id='word_1_333' title='bbox 1306 439 1457 479; x_wconf 87' lang='lat' dir='ltr'>propter</span> <span class='ocrx_word' id='word_1_334' title='bbox 1470 431 1632 478; x_wconf 89' lang='lat' dir='ltr'>speciem</span> <span class='ocrx_word' id='word_1_335' title='bbox 1651 443 1734 468; x_wconf 78' lang='lat' dir='ltr'>san-</span> 
     </span>
     <span class='ocr_line' id='line_1_62' title="bbox 964 481 1738 526; baseline -0.003 -9"><span class='ocrx_word' id='word_1_336' title='bbox 964 481 1114 524; x_wconf 78' lang='lat' dir='ltr'>ctitatis,</span> <span class='ocrx_word' id='word_1_337' title='bbox 1132 482 1243 517; x_wconf 89' lang='lat' dir='ltr'>verbo</span> <span class='ocrx_word' id='word_1_338' title='bbox 1266 491 1331 515; x_wconf 88' lang='lat' dir='ltr'>suo</span> <span class='ocrx_word' id='word_1_339' title='bbox 1350 481 1551 526; x_wconf 75' lang='lat' dir='ltr'>reprobant</span> <span class='ocrx_word' id='word_1_340' title='bbox 1568 490 1576 523; x_wconf 84' lang='lat'><em>3</em></span> <span class='ocrx_word' id='word_1_341' title='bbox 1600 483 1636 515; x_wconf 90' lang='lat' dir='ltr'>et</span> <span class='ocrx_word' id='word_1_342' title='bbox 1653 490 1738 525; x_wconf 88' lang='lat' dir='ltr'>per-</span> 
     </span>
     <span class='ocr_line' id='line_1_63' title="bbox 965 525 1742 574; baseline -0.003 -10"><span class='ocrx_word' id='word_1_343' title='bbox 965 528 1157 574; x_wconf 83' lang='lat' dir='ltr'>sequendo</span> <span class='ocrx_word' id='word_1_344' title='bbox 1177 530 1339 567; x_wconf 77' lang='lat' dir='ltr'>sanctos,</span> <span class='ocrx_word' id='word_1_345' title='bbox 1358 531 1399 563; x_wconf 88' lang='lat' dir='ltr'>ut</span> <span class='ocrx_word' id='word_1_346' title='bbox 1419 527 1606 562; x_wconf 78' lang='lat' dir='ltr'>Christum</span> <span class='ocrx_word' id='word_1_347' title='bbox 1624 530 1660 562; x_wconf 89' lang='lat' dir='ltr'>et</span> <span class='ocrx_word' id='word_1_348' title='bbox 1680 525 1742 562; x_wconf 83' lang='lat' dir='ltr'>di-</span> 
     </span>
     <span class='ocr_line' id='line_1_64' title="bbox 964 573 1740 621; baseline -0.004 -10"><span class='ocrx_word' id='word_1_349' title='bbox 964 575 1126 621; x_wconf 88' lang='lat' dir='ltr'>scipulos</span> <span class='ocrx_word' id='word_1_350' title='bbox 1139 574 1264 619; x_wconf 82' lang='lat' dir='ltr'>ipsius,</span> <span class='ocrx_word' id='word_1_351' title='bbox 1281 573 1413 609; x_wconf 88' lang='lat' dir='ltr'>eadem</span> <span class='ocrx_word' id='word_1_352' title='bbox 1427 574 1570 609; x_wconf 85' lang='lat' dir='ltr'>scelera</span> <span class='ocrx_word' id='word_1_353' title='bbox 1584 573 1740 615; x_wconf 78' lang='lat' dir='ltr'>faciunt,</span> 
     </span>
     <span class='ocr_line' id='line_1_65' title="bbox 964 619 1737 666; baseline -0.004 -8"><span class='ocrx_word' id='word_1_354' title='bbox 964 626 1000 658; x_wconf 88' lang='lat' dir='ltr'>et</span> <span class='ocrx_word' id='word_1_355' title='bbox 1018 622 1070 657; x_wconf 91' lang='lat' dir='ltr'>sic</span> <span class='ocrx_word' id='word_1_356' title='bbox 1089 622 1183 656; x_wconf 80' lang='lat' dir='ltr'>facto</span> <span class='ocrx_word' id='word_1_357' title='bbox 1202 622 1374 666; x_wconf 87' lang='lat' dir='ltr'>probant,</span> <span class='ocrx_word' id='word_1_358' title='bbox 1393 620 1480 666; x_wconf 85' lang='lat' dir='ltr'>quia</span> <span class='ocrx_word' id='word_1_359' title='bbox 1494 620 1653 656; x_wconf 86' lang='lat' dir='ltr'>istorum</span> <span class='ocrx_word' id='word_1_360' title='bbox 1672 619 1737 656; x_wconf 85' lang='lat' dir='ltr'>lilii</span> 
     </span>
     <span class='ocr_line' id='line_1_66' title="bbox 965 666 1745 711; baseline -0.004 -6"><span class='ocrx_word' id='word_1_361' title='bbox 965 672 1050 705; x_wconf 88' lang='lat' dir='ltr'>sunt</span> <span class='ocrx_word' id='word_1_362' title='bbox 1070 679 1143 704; x_wconf 92' lang='lat' dir='ltr'>non</span> <span class='ocrx_word' id='word_1_363' title='bbox 1161 668 1283 703; x_wconf 84' lang='lat' dir='ltr'>solum</span> <span class='ocrx_word' id='word_1_364' title='bbox 1304 678 1430 711; x_wconf 87' lang='lat' dir='ltr'>carne,</span> <span class='ocrx_word' id='word_1_365' title='bbox 1447 668 1512 703; x_wconf 86' lang='lat' dir='ltr'>sed</span> <span class='ocrx_word' id='word_1_366' title='bbox 1532 666 1645 703; x_wconf 88' lang='lat' dir='ltr'>etiam</span> <span class='ocrx_word' id='word_1_367' title='bbox 1665 666 1745 702; x_wconf 91' lang='lat' dir='ltr'>imi-</span> 
     </span>
     <span class='ocr_line' id='line_1_67' title="bbox 962 714 1737 761; baseline -0.003 -9"><span class='ocrx_word' id='word_1_368' title='bbox 962 715 1118 758; x_wconf 81' lang='lat' dir='ltr'>tatione,</span> <span class='ocrx_word' id='word_1_369' title='bbox 1137 725 1209 750; x_wconf 91' lang='lat' dir='ltr'>non</span> <span class='ocrx_word' id='word_1_370' title='bbox 1233 725 1248 750; x_wconf 90' lang='lat' dir='ltr'>s</span> <span class='ocrx_word' id='word_1_371' title='bbox 1261 715 1353 750; x_wconf 56' lang='lat' dir='ltr'>ilum</span> <span class='ocrx_word' id='word_1_372' title='bbox 1373 718 1554 761; x_wconf 64' lang='lat' dir='ltr'>quintum</span> <span class='ocrx_word' id='word_1_373' title='bbox 1571 714 1618 749; x_wconf 87' lang='lat' dir='ltr'>ad</span> <span class='ocrx_word' id='word_1_374' title='bbox 1630 718 1737 750; x_wconf 82' lang='lat' dir='ltr'>natu-</span> 
     </span>
     <span class='ocr_line' id='line_1_68' title="bbox 963 761 1744 808; baseline -0.003 -9"><span class='ocrx_word' id='word_1_375' title='bbox 963 773 1058 807; x_wconf 84' lang='lat' dir='ltr'>ram,</span> <span class='ocrx_word' id='word_1_376' title='bbox 1088 762 1153 798; x_wconf 84' lang='lat' dir='ltr'>sed</span> <span class='ocrx_word' id='word_1_377' title='bbox 1181 761 1293 797; x_wconf 75' lang='lat' dir='ltr'>etlam</span> <span class='ocrx_word' id='word_1_378' title='bbox 1325 767 1508 808; x_wconf 82' lang='lat' dir='ltr'>quantum</span> <span class='ocrx_word' id='word_1_379' title='bbox 1534 761 1581 796; x_wconf 88' lang='lat' dir='ltr'>ad</span> <span class='ocrx_word' id='word_1_380' title='bbox 1604 771 1744 797; x_wconf 88' lang='lat' dir='ltr'>mores.</span> 
     </span>
     <span class='ocr_line' id='line_1_69' title="bbox 968 807 1746 853; baseline -0.004 -7"><span class='ocrx_word' id='word_1_381' title='bbox 968 812 1050 846; x_wconf 92' lang='lat' dir='ltr'>Non</span> <span class='ocrx_word' id='word_1_382' title='bbox 1067 811 1167 845; x_wconf 83' lang='lat' dir='ltr'>enim</span> <span class='ocrx_word' id='word_1_383' title='bbox 1189 820 1252 844; x_wconf 94' lang='lat' dir='ltr'>eos</span> <span class='ocrx_word' id='word_1_384' title='bbox 1274 808 1453 844; x_wconf 66' lang='lat' dir='ltr'>Domitius</span> <span class='ocrx_word' id='word_1_385' title='bbox 1473 807 1632 851; x_wconf 86' lang='lat' dir='ltr'>incusat,</span> <span class='ocrx_word' id='word_1_386' title='bbox 1655 818 1746 853; x_wconf 83' lang='lat' dir='ltr'>quo-</span> 
     </span>
     <span class='ocr_line' id='line_1_70' title="bbox 963 855 1741 902; baseline -0.004 -9"><span class='ocrx_word' id='word_1_387' title='bbox 963 857 1065 893; x_wconf 88' lang='lat' dir='ltr'>niam</span> <span class='ocrx_word' id='word_1_388' title='bbox 1084 856 1283 902; x_wconf 88' lang='lat' dir='ltr'>sepulchra</span> <span class='ocrx_word' id='word_1_389' title='bbox 1302 856 1513 899; x_wconf 75' lang='lat' dir='ltr'>ae.lificnnt;</span> <span class='ocrx_word' id='word_1_390' title='bbox 1535 856 1600 891; x_wconf 92' lang='lat' dir='ltr'>sed</span> <span class='ocrx_word' id='word_1_391' title='bbox 1618 855 1741 890; x_wconf 85' lang='lat' dir='ltr'>inten-</span> 
     </span>
     <span class='ocr_line' id='line_1_71' title="bbox 963 901 1744 949; baseline -0.004 -9"><span class='ocrx_word' id='word_1_392' title='bbox 963 904 1103 940; x_wconf 86' lang='lat' dir='ltr'>tionem</span> <span class='ocrx_word' id='word_1_393' title='bbox 1123 914 1252 939; x_wconf 80' lang='lat' dir='ltr'>eorum</span> <span class='ocrx_word' id='word_1_394' title='bbox 1269 902 1530 949; x_wconf 80' lang='lat' dir='ltr'>reprehendit,</span> <span class='ocrx_word' id='word_1_395' title='bbox 1558 901 1646 948; x_wconf 78' lang='lat' dir='ltr'>qula</span> <span class='ocrx_word' id='word_1_396' title='bbox 1667 912 1744 938; x_wconf 88' lang='lat' dir='ltr'>non</span> 
     </span>
     <span class='ocr_line' id='line_1_72' title="bbox 963 948 1746 997; baseline -0.004 -10"><span class='ocrx_word' id='word_1_397' title='bbox 963 955 1116 997; x_wconf 89' lang='lat' dir='ltr'>propter</span> <span class='ocrx_word' id='word_1_398' title='bbox 1151 951 1333 986; x_wconf 89' lang='lat' dir='ltr'>honorem</span> <span class='ocrx_word' id='word_1_399' title='bbox 1367 960 1497 986; x_wconf 86' lang='lat' dir='ltr'>eorum</span> <span class='ocrx_word' id='word_1_400' title='bbox 1532 948 1594 995; x_wconf 87' lang='lat' dir='ltr'>qui</span> <span class='ocrx_word' id='word_1_401' title='bbox 1632 948 1746 985; x_wconf 89' lang='lat' dir='ltr'>occisi</span> 
     </span>
     <span class='ocr_line' id='line_1_73' title="bbox 965 995 1742 1043; baseline -0.005 -9"><span class='ocrx_word' id='word_1_402' title='bbox 965 1000 1125 1041; x_wconf 70' lang='lat' dir='ltr'>fuerant,</span> <span class='ocrx_word' id='word_1_403' title='bbox 1147 1009 1215 1034; x_wconf 87' lang='lat' dir='ltr'>nec</span> <span class='ocrx_word' id='word_1_404' title='bbox 1237 1002 1390 1043; x_wconf 83' lang='lat' dir='ltr'>propter</span> <span class='ocrx_word' id='word_1_405' title='bbox 1404 1007 1571 1032; x_wconf 89' lang='lat' dir='ltr'>amorem</span> <span class='ocrx_word' id='word_1_406' title='bbox 1592 995 1742 1042; x_wconf 76' lang='lat' dir='ltr'>pietatis</span> 
     </span>
     <span class='ocr_line' id='line_1_74' title="bbox 973 1044 1749 1090; baseline -0.005 -8"><span class='ocrx_word' id='word_1_407' title='bbox 973 1048 1009 1082; x_wconf 91' lang='lat' dir='ltr'>et</span> <span class='ocrx_word' id='word_1_408' title='bbox 1028 1045 1195 1081; x_wconf 86' lang='lat' dir='ltr'>veritatis</span> <span class='ocrx_word' id='word_1_409' title='bbox 1214 1045 1283 1080; x_wconf 92' lang='lat' dir='ltr'>hoc</span> <span class='ocrx_word' id='word_1_410' title='bbox 1302 1045 1491 1087; x_wconf 66' lang='lat' dir='ltr'>ieceruntg</span> <span class='ocrx_word' id='word_1_411' title='bbox 1511 1044 1576 1079; x_wconf 86' lang='lat' dir='ltr'>sed</span> <span class='ocrx_word' id='word_1_412' title='bbox 1596 1047 1749 1090; x_wconf 85' lang='lat' dir='ltr'>propter</span> 
     </span>
     <span class='ocr_line' id='line_1_75' title="bbox 964 1090 1743 1136; baseline -0.003 -8"><span class='ocrx_word' id='word_1_413' title='bbox 964 1103 1132 1129; x_wconf 87' lang='lat' dir='ltr'>amorem</span> <span class='ocrx_word' id='word_1_414' title='bbox 1161 1103 1264 1127; x_wconf 75' lang='lat' dir='ltr'>vauae</span> <span class='ocrx_word' id='word_1_415' title='bbox 1292 1091 1427 1131; x_wconf 79' lang='lat' dir='ltr'>laudis,</span> <span class='ocrx_word' id='word_1_416' title='bbox 1458 1101 1571 1136; x_wconf 77' lang='lat' dir='ltr'>quarn</span> <span class='ocrx_word' id='word_1_417' title='bbox 1604 1090 1642 1125; x_wconf 88' lang='lat' dir='ltr'>in</span> <span class='ocrx_word' id='word_1_418' title='bbox 1672 1092 1743 1126; x_wconf 91' lang='lat' dir='ltr'>hoc</span> 
     </span>
     <span class='ocr_line' id='line_1_76' title="bbox 965 1136 1741 1184; baseline -0.003 -10"><span class='ocrx_word' id='word_1_419' title='bbox 965 1141 1197 1184; x_wconf 69' lang='lat' dir='ltr'>quaerebant.</span> <span class='ocrx_word' id='word_1_420' title='bbox 1213 1139 1315 1175; x_wconf 85' lang='lat' dir='ltr'>Unde</span> <span class='ocrx_word' id='word_1_421' title='bbox 1340 1140 1655 1182; x_wconf 57' lang='lat' dir='ltr'>chrysostomum«</span> <span class='ocrx_word' id='word_1_422' title='bbox 1672 1136 1741 1181; x_wconf 89' lang='lat' dir='ltr'>Qui</span> 
     </span>
     <span class='ocr_line' id='line_1_77' title="bbox 966 1185 1743 1233; baseline -0.004 -11"><span class='ocrx_word' id='word_1_423' title='bbox 966 1188 998 1222; x_wconf 86' lang='lat' dir='ltr'><strong>M</strong></span> <span class='ocrx_word' id='word_1_424' title='bbox 1014 1191 1170 1233; x_wconf 77' lang='lat' dir='ltr'>irtyrum</span> <span class='ocrx_word' id='word_1_425' title='bbox 1198 1186 1374 1222; x_wconf 81' lang='lat' dir='ltr'>ecclesias</span> <span class='ocrx_word' id='word_1_426' title='bbox 1405 1185 1596 1221; x_wconf 66' lang='lat' dir='ltr'>{edificant</span> <span class='ocrx_word' id='word_1_427' title='bbox 1620 1187 1656 1219; x_wconf 89' lang='lat' dir='ltr'>et</span> <span class='ocrx_word' id='word_1_428' title='bbox 1683 1194 1743 1219; x_wconf 82' lang='lat' dir='ltr'>or-</span> 
     </span>
     <span class='ocr_line' id='line_1_78' title="bbox 965 1231 1740 1277; baseline -0.005 -7"><span class='ocrx_word' id='word_1_429' title='bbox 965 1238 1068 1277; x_wconf 84' lang='lat' dir='ltr'>nant,</span> <span class='ocrx_word' id='word_1_430' title='bbox 1095 1234 1235 1269; x_wconf 86' lang='lat' dir='ltr'>bonum</span> <span class='ocrx_word' id='word_1_431' title='bbox 1264 1244 1357 1277; x_wconf 81' lang='lat' dir='ltr'>opus</span> <span class='ocrx_word' id='word_1_432' title='bbox 1392 1233 1515 1268; x_wconf 80' lang='lat' dir='ltr'>facere</span> <span class='ocrx_word' id='word_1_433' title='bbox 1552 1231 1740 1274; x_wconf 88' lang='lat' dir='ltr'>videntur,</span> 
     </span>
     <span class='ocr_line' id='line_1_79' title="bbox 978 1277 1749 1326; baseline -0.003 -10"><span class='ocrx_word' id='word_1_434' title='bbox 978 1281 1044 1317; x_wconf 86' lang='lat' dir='ltr'>sed</span> <span class='ocrx_word' id='word_1_435' title='bbox 1071 1280 1102 1316; x_wconf 86' lang='lat' dir='ltr'>si</span> <span class='ocrx_word' id='word_1_436' title='bbox 1126 1280 1277 1326; x_wconf 78' lang='lat' dir='ltr'>quidem</span> <span class='ocrx_word' id='word_1_437' title='bbox 1299 1285 1334 1315; x_wconf 84' lang='lat' dir='ltr'>et</span> <span class='ocrx_word' id='word_1_438' title='bbox 1354 1279 1447 1315; x_wconf 84' lang='lat' dir='ltr'>alias</span> <span class='ocrx_word' id='word_1_439' title='bbox 1479 1278 1665 1326; x_wconf 74' lang='lat' dir='ltr'>Justitiam</span> <span class='ocrx_word' id='word_1_440' title='bbox 1684 1277 1749 1314; x_wconf 89' lang='lat' dir='ltr'>Dei</span> 
     </span>
     <span class='ocr_line' id='line_1_80' title="bbox 967 1326 1747 1371; baseline -0.003 -8"><span class='ocrx_word' id='word_1_441' title='bbox 967 1328 1205 1371; x_wconf 75' lang='lat' dir='ltr'>custodiunt,</span> <span class='ocrx_word' id='word_1_442' title='bbox 1227 1326 1257 1362; x_wconf 90' lang='lat' dir='ltr'>si</span> <span class='ocrx_word' id='word_1_443' title='bbox 1287 1328 1332 1362; x_wconf 91' lang='lat' dir='ltr'>de</span> <span class='ocrx_word' id='word_1_444' title='bbox 1356 1327 1463 1363; x_wconf 88' lang='lat' dir='ltr'>bonis</span> <span class='ocrx_word' id='word_1_445' title='bbox 1497 1336 1626 1362; x_wconf 87' lang='lat' dir='ltr'>eorum</span> <span class='ocrx_word' id='word_1_446' title='bbox 1654 1335 1747 1371; x_wconf 87' lang='lat' dir='ltr'>pau-</span> 
     </span>
     <span class='ocr_line' id='line_1_81' title="bbox 968 1374 1748 1420; baseline -0.001 -11"><span class='ocrx_word' id='word_1_447' title='bbox 968 1385 1074 1420; x_wconf 82' lang='lat' dir='ltr'>peres</span> <span class='ocrx_word' id='word_1_448' title='bbox 1095 1385 1166 1419; x_wconf 79' lang='lat' dir='ltr'>gau</span> <span class='ocrx_word' id='word_1_449' title='bbox 1178 1374 1272 1417; x_wconf 81' lang='lat' dir='ltr'>lent,</span> <span class='ocrx_word' id='word_1_450' title='bbox 1297 1374 1327 1409; x_wconf 92' lang='lat' dir='ltr'>si</span> <span class='ocrx_word' id='word_1_451' title='bbox 1361 1374 1521 1409; x_wconf 87' lang='lat' dir='ltr'>aliorum</span> <span class='ocrx_word' id='word_1_452' title='bbox 1563 1374 1661 1409; x_wconf 79' lang='lat' dir='ltr'>bona</span> <span class='ocrx_word' id='word_1_453' title='bbox 1682 1382 1748 1418; x_wconf 86' lang='lat' dir='ltr'>per</span> 
     </span>
     <span class='ocr_line' id='line_1_82' title="bbox 966 1419 1740 1465; baseline -0.001 -9"><span class='ocrx_word' id='word_1_454' title='bbox 966 1421 1184 1457; x_wconf 74' lang='lat' dir='ltr'>violentiam</span> <span class='ocrx_word' id='word_1_455' title='bbox 1198 1432 1269 1456; x_wconf 89' lang='lat' dir='ltr'>uon</span> <span class='ocrx_word' id='word_1_456' title='bbox 1291 1421 1523 1464; x_wconf 51' lang='lat' dir='ltr'>fafiwntsua,</span> <span class='ocrx_word' id='word_1_457' title='bbox 1542 1420 1634 1456; x_wconf 85' lang='lat' dir='ltr'>scito</span> <span class='ocrx_word' id='word_1_458' title='bbox 1649 1419 1740 1465; x_wconf 83' lang='lat' dir='ltr'>quia</span> 
     </span>
     <span class='ocr_line' id='line_1_83' title="bbox 971 1467 1750 1514; baseline -0.003 -10"><span class='ocrx_word' id='word_1_459' title='bbox 971 1469 1018 1504; x_wconf 86' lang='lat' dir='ltr'>ad</span> <span class='ocrx_word' id='word_1_460' title='bbox 1041 1469 1200 1514; x_wconf 85' lang='lat' dir='ltr'>gloriam</span> <span class='ocrx_word' id='word_1_461' title='bbox 1224 1468 1286 1504; x_wconf 77' lang='lat' dir='ltr'>Dei</span> <span class='ocrx_word' id='word_1_462' title='bbox 1309 1467 1517 1511; x_wconf 81' lang='lat' dir='ltr'>aedificant3</span> <span class='ocrx_word' id='word_1_463' title='bbox 1540 1467 1597 1503; x_wconf 91' lang='lat' dir='ltr'>sin</span> <span class='ocrx_word' id='word_1_464' title='bbox 1611 1470 1750 1510; x_wconf 88' lang='lat' dir='ltr'>autem,</span> 
     </span>
     <span class='ocr_line' id='line_1_84' title="bbox 968 1513 1742 1561; baseline -0.004 -10"><span class='ocrx_word' id='word_1_465' title='bbox 968 1516 1052 1561; x_wconf 89' lang='lat' dir='ltr'>quis</span> <span class='ocrx_word' id='word_1_466' title='bbox 1075 1526 1149 1551; x_wconf 87' lang='lat' dir='ltr'>non</span> <span class='ocrx_word' id='word_1_467' title='bbox 1170 1515 1369 1560; x_wconf 78' lang='lat' dir='ltr'>intelligat,</span> <span class='ocrx_word' id='word_1_468' title='bbox 1393 1515 1480 1561; x_wconf 87' lang='lat' dir='ltr'>quia</span> <span class='ocrx_word' id='word_1_469' title='bbox 1501 1526 1578 1550; x_wconf 92' lang='lat' dir='ltr'>non</span> <span class='ocrx_word' id='word_1_470' title='bbox 1600 1514 1647 1549; x_wconf 75' lang='lat' dir='ltr'>ad</span> <span class='ocrx_word' id='word_1_471' title='bbox 1667 1513 1742 1558; x_wconf 80' lang='lat' dir='ltr'>glo-</span> 
     </span>
     <span class='ocr_line' id='line_1_85' title="bbox 968 1559 1753 1604; baseline -0.003 -6"><span class='ocrx_word' id='word_1_472' title='bbox 968 1563 1062 1598; x_wconf 85' lang='lat' dir='ltr'>riam</span> <span class='ocrx_word' id='word_1_473' title='bbox 1103 1561 1163 1597; x_wconf 87' lang='lat' dir='ltr'>Dei</span> <span class='ocrx_word' id='word_1_474' title='bbox 1201 1562 1337 1597; x_wconf 80' lang='lat' dir='ltr'>faciunt</span> <span class='ocrx_word' id='word_1_475' title='bbox 1373 1561 1533 1597; x_wconf 81' lang='lat' dir='ltr'>aelilicia</span> <span class='ocrx_word' id='word_1_476' title='bbox 1580 1560 1658 1604; x_wconf 86' lang='lat' dir='ltr'>illa,</span> <span class='ocrx_word' id='word_1_477' title='bbox 1687 1559 1753 1596; x_wconf 75' lang='lat' dir='ltr'>sed</span> 
     </span>
     <span class='ocr_line' id='line_1_86' title="bbox 968 1606 1747 1656; baseline -0.004 -11"><span class='ocrx_word' id='word_1_478' title='bbox 968 1613 1120 1656; x_wconf 81' lang='lat' dir='ltr'>propter</span> <span class='ocrx_word' id='word_1_479' title='bbox 1132 1608 1422 1645; x_wconf 59' lang='lat' dir='ltr'>aestimationem</span> <span class='ocrx_word' id='word_1_480' title='bbox 1442 1609 1644 1644; x_wconf 83' lang='lat' dir='ltr'>humanam</span> <span class='ocrx_word' id='word_1_481' title='bbox 1657 1606 1747 1643; x_wconf 85' lang='lat' dir='ltr'>aedi-</span> 
     </span>
     <span class='ocr_line' id='line_1_87' title="bbox 969 1655 1745 1701; baseline -0.004 -9"><span class='ocrx_word' id='word_1_482' title='bbox 969 1658 1081 1692; x_wconf 71' lang='lat' dir='ltr'>{icant</span> <span class='ocrx_word' id='word_1_483' title='bbox 1099 1656 1205 1691; x_wconf 77' lang='lat' dir='ltr'>altari</span> <span class='ocrx_word' id='word_1_484' title='bbox 1217 1668 1230 1691; x_wconf 71' lang='lat'>1</span> <span class='ocrx_word' id='word_1_485' title='bbox 1247 1657 1464 1701; x_wconf 80' lang='lat' dir='ltr'>Martyrum,</span> <span class='ocrx_word' id='word_1_486' title='bbox 1478 1655 1542 1691; x_wconf 88' lang='lat' dir='ltr'>ubi</span> <span class='ocrx_word' id='word_1_487' title='bbox 1564 1664 1745 1699; x_wconf 84' lang='lat' dir='ltr'>pauperes</span> 
     </span>
     <span class='ocr_line' id='line_1_88' title="bbox 967 1702 1738 1751; baseline -0.004 -12"><span class='ocrx_word' id='word_1_488' title='bbox 967 1706 1066 1751; x_wconf 83' lang='lat' dir='ltr'>passi</span> <span class='ocrx_word' id='word_1_489' title='bbox 1090 1702 1303 1738; x_wconf 77' lang='lat' dir='ltr'>violentiam</span> <span class='ocrx_word' id='word_1_490' title='bbox 1337 1704 1383 1738; x_wconf 88' lang='lat' dir='ltr'>ab</span> <span class='ocrx_word' id='word_1_491' title='bbox 1413 1703 1465 1737; x_wconf 84' lang='lat' dir='ltr'>eis</span> <span class='ocrx_word' id='word_1_492' title='bbox 1496 1702 1738 1748; x_wconf 86' lang='lat' dir='ltr'>interpellant</span> 
     </span>
     <span class='ocr_line' id='line_1_89' title="bbox 969 1749 1742 1794; baseline -0.005 -7"><span class='ocrx_word' id='word_1_493' title='bbox 969 1754 1099 1788; x_wconf 88' lang='lat' dir='ltr'>contra</span> <span class='ocrx_word' id='word_1_494' title='bbox 1119 1761 1182 1785; x_wconf 89' lang='lat' dir='ltr'>eos</span> <span class='ocrx_word' id='word_1_495' title='bbox 1199 1750 1216 1785; x_wconf 72' lang='lat' dir='ltr'>‘l</span> <span class='ocrx_word' id='word_1_496' title='bbox 1238 1751 1317 1785; x_wconf 89' lang='lat' dir='ltr'>Non</span> <span class='ocrx_word' id='word_1_497' title='bbox 1339 1749 1439 1785; x_wconf 90' lang='lat' dir='ltr'>enim</span> <span class='ocrx_word' id='word_1_498' title='bbox 1461 1749 1624 1794; x_wconf 82' lang='lat' dir='ltr'>gaudent</span> <span class='ocrx_word' id='word_1_499' title='bbox 1648 1750 1742 1783; x_wconf 85' lang='lat' dir='ltr'>Mar-</span> 
     </span>
     <span class='ocr_line' id='line_1_90' title="bbox 978 1795 1755 1844; baseline -0.005 -10"><span class='ocrx_word' id='word_1_500' title='bbox 978 1804 1092 1844; x_wconf 82' lang='lat' dir='ltr'>tyres,</span> <span class='ocrx_word' id='word_1_501' title='bbox 1113 1797 1262 1843; x_wconf 82' lang='lat' dir='ltr'>quando</span> <span class='ocrx_word' id='word_1_502' title='bbox 1283 1807 1325 1832; x_wconf 88' lang='lat' dir='ltr'>ex</span> <span class='ocrx_word' id='word_1_503' title='bbox 1345 1796 1431 1840; x_wconf 84' lang='lat' dir='ltr'>illis,</span> <span class='ocrx_word' id='word_1_504' title='bbox 1447 1795 1615 1842; x_wconf 88' lang='lat' dir='ltr'>pecuniis</span> <span class='ocrx_word' id='word_1_505' title='bbox 1633 1795 1755 1831; x_wconf 91' lang='lat' dir='ltr'>hono-</span> 
     </span>
     <span class='ocr_line' id='line_1_91' title="bbox 972 1843 1752 1890; baseline -0.005 -9"><span class='ocrx_word' id='word_1_506' title='bbox 972 1845 1169 1884; x_wconf 73' lang='lat' dir='ltr'>rantu1·‚in</span> <span class='ocrx_word' id='word_1_507' title='bbox 1189 1844 1323 1889; x_wconf 76' lang='lat' dir='ltr'>quibus</span> <span class='ocrx_word' id='word_1_508' title='bbox 1342 1854 1524 1890; x_wconf 85' lang='lat' dir='ltr'>pauperes</span> <span class='ocrx_word' id='word_1_509' title='bbox 1539 1843 1752 1889; x_wconf 87' lang='lat' dir='ltr'>plorabunt.</span> 
     </span>
     <span class='ocr_line' id='line_1_92' title="bbox 971 1890 1743 1937; baseline -0.004 -9"><span class='ocrx_word' id='word_1_510' title='bbox 971 1892 1115 1929; x_wconf 79' lang='lat' dir='ltr'>Etenim</span> <span class='ocrx_word' id='word_1_511' title='bbox 1136 1891 1256 1937; x_wconf 78' lang='lat' dir='ltr'>qualis</span> <span class='ocrx_word' id='word_1_512' title='bbox 1271 1894 1328 1927; x_wconf 85' lang='lat' dir='ltr'>est</span> <span class='ocrx_word' id='word_1_513' title='bbox 1352 1891 1420 1926; x_wconf 76' lang='lat' dir='ltr'>ista</span> <span class='ocrx_word' id='word_1_514' title='bbox 1435 1890 1596 1934; x_wconf 82' lang='lat' dir='ltr'>justitia,</span> <span class='ocrx_word' id='word_1_515' title='bbox 1617 1899 1743 1925; x_wconf 88' lang='lat' dir='ltr'>mune-</span> 
     </span>
     <span class='ocr_line' id='line_1_93' title="bbox 971 1936 1751 1984; baseline -0.004 -9"><span class='ocrx_word' id='word_1_516' title='bbox 971 1950 1054 1976; x_wconf 66' lang='lat' dir='ltr'>rare</span> <span class='ocrx_word' id='word_1_517' title='bbox 1094 1942 1276 1981; x_wconf 86' lang='lat' dir='ltr'>mortuos,</span> <span class='ocrx_word' id='word_1_518' title='bbox 1304 1941 1341 1974; x_wconf 92' lang='lat' dir='ltr'>et</span> <span class='ocrx_word' id='word_1_519' title='bbox 1365 1937 1527 1984; x_wconf 88' lang='lat' dir='ltr'>spoliare</span> <span class='ocrx_word' id='word_1_520' title='bbox 1558 1936 1751 1980; x_wconf 83' lang='lat' dir='ltr'>viventes3</span> 
     </span>
     <span class='ocr_line' id='line_1_94' title="bbox 972 1984 1751 2029; baseline -0.005 -7"><span class='ocrx_word' id='word_1_521' title='bbox 972 1987 1018 2022; x_wconf 91' lang='lat' dir='ltr'>de</span> <span class='ocrx_word' id='word_1_522' title='bbox 1048 1985 1230 2029; x_wconf 66' lang='lat' dir='ltr'>sanguine</span> <span class='ocrx_word' id='word_1_523' title='bbox 1264 1984 1489 2020; x_wconf 88' lang='lat' dir='ltr'>miserorum</span> <span class='ocrx_word' id='word_1_524' title='bbox 1529 1985 1674 2026; x_wconf 86' lang='lat' dir='ltr'>tollere,</span> <span class='ocrx_word' id='word_1_525' title='bbox 1714 1987 1751 2018; x_wconf 91' lang='lat' dir='ltr'>et</span> 
     </span>
     <span class='ocr_line' id='line_1_95' title="bbox 973 2030 1748 2070; baseline -0.005 0"><span class='ocrx_word' id='word_1_526' title='bbox 973 2036 1049 2070; x_wconf 91' lang='lat' dir='ltr'>Deo</span> <span class='ocrx_word' id='word_1_527' title='bbox 1072 2031 1231 2068; x_wconf 79' lang='lat' dir='ltr'>offerre?</span> <span class='ocrx_word' id='word_1_528' title='bbox 1252 2032 1345 2067; x_wconf 86' lang='lat' dir='ltr'>Illud</span> <span class='ocrx_word' id='word_1_529' title='bbox 1371 2042 1445 2067; x_wconf 91' lang='lat' dir='ltr'>non</span> <span class='ocrx_word' id='word_1_530' title='bbox 1465 2034 1520 2067; x_wconf 85' lang='lat' dir='ltr'>est</span> <span class='ocrx_word' id='word_1_531' title='bbox 1541 2032 1616 2066; x_wconf 87' lang='lat' dir='ltr'>Deo</span> <span class='ocrx_word' id='word_1_532' title='bbox 1636 2030 1748 2066; x_wconf 80' lang='lat' dir='ltr'>offer-</span> 
     </span>
     <span class='ocr_line' id='line_1_96' title="bbox 974 2076 1747 2121; baseline -0.006 -4"><span class='ocrx_word' id='word_1_533' title='bbox 974 2092 1027 2121; x_wconf 81' lang='lat' dir='ltr'>re,</span> <span class='ocrx_word' id='word_1_534' title='bbox 1050 2080 1114 2115; x_wconf 92' lang='lat' dir='ltr'>sed</span> <span class='ocrx_word' id='word_1_535' title='bbox 1144 2079 1237 2114; x_wconf 63' lang='lat' dir='ltr'>velle</span> <span class='ocrx_word' id='word_1_536' title='bbox 1268 2078 1456 2114; x_wconf 80' lang='lat' dir='ltr'>violentiae</span> <span class='ocrx_word' id='word_1_537' title='bbox 1494 2088 1570 2114; x_wconf 82' lang='lat' dir='ltr'>suae</span> <span class='ocrx_word' id='word_1_538' title='bbox 1604 2076 1747 2113; x_wconf 88' lang='lat' dir='ltr'>socium</span> 
     </span>
     <span class='ocr_line' id='line_1_97' title="bbox 976 2122 1753 2170; baseline -0.005 -7"><span class='ocrx_word' id='word_1_539' title='bbox 976 2129 1097 2163; x_wconf 81' lang='lat' dir='ltr'>facere</span> <span class='ocrx_word' id='word_1_540' title='bbox 1129 2127 1260 2170; x_wconf 84' lang='lat' dir='ltr'>Deum,</span> <span class='ocrx_word' id='word_1_541' title='bbox 1283 2129 1322 2161; x_wconf 91' lang='lat' dir='ltr'>ut</span> <span class='ocrx_word' id='word_1_542' title='bbox 1358 2135 1443 2161; x_wconf 91' lang='lat' dir='ltr'>cum</span> <span class='ocrx_word' id='word_1_543' title='bbox 1479 2126 1645 2161; x_wconf 87' lang='lat' dir='ltr'>oblatam</span> <span class='ocrx_word' id='word_1_544' title='bbox 1682 2122 1753 2159; x_wconf 89' lang='lat' dir='ltr'>sibi</span> 
     </span>
     <span class='ocr_line' id='line_1_98' title="bbox 977 2172 1755 2221; baseline -0.006 -11"><span class='ocrx_word' id='word_1_545' title='bbox 977 2172 1174 2221; x_wconf 87' lang='lat' dir='ltr'>pecuniam</span> <span class='ocrx_word' id='word_1_546' title='bbox 1201 2174 1245 2207; x_wconf 80' lang='lat' dir='ltr'>‹le</span> <span class='ocrx_word' id='word_1_547' title='bbox 1274 2177 1425 2217; x_wconf 88' lang='lat' dir='ltr'>peccato</span> <span class='ocrx_word' id='word_1_548' title='bbox 1454 2172 1616 2208; x_wconf 88' lang='lat' dir='ltr'>libenter</span> <span class='ocrx_word' id='word_1_549' title='bbox 1649 2181 1755 2206; x_wconf 87' lang='lat' dir='ltr'>acce-</span> 
     </span>
     <span class='ocr_line' id='line_1_99' title="bbox 979 2218 1755 2268; baseline -0.005 -12"><span class='ocrx_word' id='word_1_550' title='bbox 979 2220 1090 2268; x_wconf 83' lang='lat' dir='ltr'>perit,</span> <span class='ocrx_word' id='word_1_551' title='bbox 1109 2219 1319 2255; x_wconf 76' lang='lat' dir='ltr'>consentiat</span> <span class='ocrx_word' id='word_1_552' title='bbox 1340 2219 1375 2255; x_wconf 93' lang='lat' dir='ltr'>in</span> <span class='ocrx_word' id='word_1_553' title='bbox 1396 2223 1561 2266; x_wconf 87' lang='lat' dir='ltr'>peccato.</span> <span class='ocrx_word' id='word_1_554' title='bbox 1582 2218 1645 2254; x_wconf 85' lang='lat' dir='ltr'>Vis</span> <span class='ocrx_word' id='word_1_555' title='bbox 1666 2227 1755 2262; x_wconf 82' lang='lat' dir='ltr'>ergo</span> 
     </span>
     <span class='ocr_line' id='line_1_100' title="bbox 987 2264 1756 2304; baseline -0.005 -1"><span class='ocrx_word' id='word_1_556' title='bbox 987 2269 1137 2304; x_wconf 90' lang='lat' dir='ltr'>domum</span> <span class='ocrx_word' id='word_1_557' title='bbox 1164 2266 1229 2302; x_wconf 91' lang='lat' dir='ltr'>Dei</span> <span class='ocrx_word' id='word_1_558' title='bbox 1256 2266 1473 2302; x_wconf 75' lang='lat' dir='ltr'>aedilicare‘l</span> <span class='ocrx_word' id='word_1_559' title='bbox 1500 2268 1552 2301; x_wconf 88' lang='lat' dir='ltr'>Da</span> <span class='ocrx_word' id='word_1_560' title='bbox 1582 2264 1756 2300; x_wconf 87' lang='lat' dir='ltr'>fidelibus</span> 
     </span>
     <span class='ocr_line' id='line_1_101' title="bbox 980 2310 1755 2361; baseline -0.005 -11"><span class='ocrx_word' id='word_1_561' title='bbox 980 2314 1209 2361; x_wconf 88' lang='lat' dir='ltr'>pauperibus</span> <span class='ocrx_word' id='word_1_562' title='bbox 1231 2313 1330 2349; x_wconf 91' lang='lat' dir='ltr'>unde</span> <span class='ocrx_word' id='word_1_563' title='bbox 1349 2313 1487 2357; x_wconf 86' lang='lat' dir='ltr'>vivant,</span> <span class='ocrx_word' id='word_1_564' title='bbox 1510 2316 1546 2348; x_wconf 91' lang='lat' dir='ltr'>et</span> <span class='ocrx_word' id='word_1_565' title='bbox 1561 2310 1755 2348; x_wconf 65' lang='lat' dir='ltr'>aedificasti</span> 
     </span>
     <span class='ocr_line' id='line_1_102' title="bbox 980 2358 1754 2398; baseline -0.005 -1"><span class='ocrx_word' id='word_1_566' title='bbox 980 2360 1244 2398; x_wconf 76' lang='lat' dir='ltr'>rationabilem</span> <span class='ocrx_word' id='word_1_567' title='bbox 1276 2360 1430 2396; x_wconf 90' lang='lat' dir='ltr'>domum</span> <span class='ocrx_word' id='word_1_568' title='bbox 1469 2359 1545 2395; x_wconf 88' lang='lat' dir='ltr'>Dei.</span> <span class='ocrx_word' id='word_1_569' title='bbox 1574 2361 1615 2395; x_wconf 94' lang='lat' dir='ltr'>In</span> <span class='ocrx_word' id='word_1_570' title='bbox 1636 2358 1754 2394; x_wconf 83' lang='lat' dir='ltr'>aedifi-</span> 
     </span>
     <span class='ocr_line' id='line_1_103' title="bbox 982 2406 1754 2450; baseline -0.005 -6"><span class='ocrx_word' id='word_1_571' title='bbox 982 2408 1046 2445; x_wconf 90' lang='lat' dir='ltr'>ciis</span> <span class='ocrx_word' id='word_1_572' title='bbox 1083 2407 1181 2443; x_wconf 90' lang='lat' dir='ltr'>enim</span> <span class='ocrx_word' id='word_1_573' title='bbox 1226 2406 1396 2443; x_wconf 89' lang='lat' dir='ltr'>homines</span> <span class='ocrx_word' id='word_1_574' title='bbox 1432 2406 1617 2450; x_wconf 87' lang='lat' dir='ltr'>habitant,</span> <span class='ocrx_word' id='word_1_575' title='bbox 1657 2407 1754 2442; x_wconf 86' lang='lat' dir='ltr'>Deus</span> 
     </span>
     <span class='ocr_line' id='line_1_104' title="bbox 982 2452 1756 2496; baseline -0.006 -4"><span class='ocrx_word' id='word_1_576' title='bbox 982 2458 1107 2493; x_wconf 90' lang='lat' dir='ltr'>autem</span> <span class='ocrx_word' id='word_1_577' title='bbox 1134 2454 1172 2490; x_wconf 90' lang='lat' dir='ltr'>in</span> <span class='ocrx_word' id='word_1_578' title='bbox 1201 2453 1417 2490; x_wconf 88' lang='lat' dir='ltr'>hominibus</span> <span class='ocrx_word' id='word_1_579' title='bbox 1449 2452 1599 2489; x_wconf 89' lang='lat' dir='ltr'>sanctis.</span> <span class='ocrx_word' id='word_1_580' title='bbox 1622 2452 1756 2496; x_wconf 90' lang='lat' dir='ltr'>Quales</span> 
     </span>
     <span class='ocr_line' id='line_1_105' title="bbox 984 2499 1753 2549; baseline -0.005 -10"><span class='ocrx_word' id='word_1_581' title='bbox 984 2513 1071 2549; x_wconf 85' lang='lat' dir='ltr'>ergo</span> <span class='ocrx_word' id='word_1_582' title='bbox 1096 2501 1149 2537; x_wconf 90' lang='lat' dir='ltr'>illi</span> <span class='ocrx_word' id='word_1_583' title='bbox 1172 2504 1269 2543; x_wconf 76' lang='lat' dir='ltr'>sunt,</span> <span class='ocrx_word' id='word_1_584' title='bbox 1294 2500 1355 2546; x_wconf 86' lang='lat' dir='ltr'>qui</span> <span class='ocrx_word' id='word_1_585' title='bbox 1384 2500 1555 2536; x_wconf 81' lang='lat' dir='ltr'>homines</span> <span class='ocrx_word' id='word_1_586' title='bbox 1578 2499 1753 2546; x_wconf 87' lang='lat' dir='ltr'>spoliant,</span> 
     </span>
     <span class='ocr_line' id='line_1_106' title="bbox 983 2546 1754 2594; baseline -0.005 -8"><span class='ocrx_word' id='word_1_587' title='bbox 983 2553 1019 2586; x_wconf 90' lang='lat' dir='ltr'>et</span> <span class='ocrx_word' id='word_1_588' title='bbox 1041 2547 1240 2586; x_wconf 80' lang='lat' dir='ltr'>aediticium</span> <span class='ocrx_word' id='word_1_589' title='bbox 1268 2549 1471 2594; x_wconf 86' lang='lat' dir='ltr'>Martyrum</span> <span class='ocrx_word' id='word_1_590' title='bbox 1495 2546 1659 2591; x_wconf 81' lang='lat' dir='ltr'>faciunt3</span> <span class='ocrx_word' id='word_1_591' title='bbox 1687 2546 1754 2582; x_wconf 88' lang='lat' dir='ltr'>ha-</span> 
     </span>
     <span class='ocr_line' id='line_1_107' title="bbox 983 2595 1755 2640; baseline -0.006 -7"><span class='ocrx_word' id='word_1_592' title='bbox 983 2596 1182 2634; x_wconf 88' lang='lat' dir='ltr'>bitationes</span> <span class='ocrx_word' id='word_1_593' title='bbox 1223 2595 1417 2631; x_wconf 86' lang='lat' dir='ltr'>hominum</span> <span class='ocrx_word' id='word_1_594' title='bbox 1456 2596 1700 2640; x_wconf 89' lang='lat' dir='ltr'>componunt,</span> <span class='ocrx_word' id='word_1_595' title='bbox 1719 2595 1755 2629; x_wconf 89' lang='lat' dir='ltr'>et</span> 
     </span>
     <span class='ocr_line' id='line_1_108' title="bbox 984 2641 1756 2685; baseline -0.004 -5"><span class='ocrx_word' id='word_1_596' title='bbox 984 2642 1234 2680; x_wconf 86' lang='lat' dir='ltr'>habitationes</span> <span class='ocrx_word' id='word_1_597' title='bbox 1259 2641 1325 2678; x_wconf 91' lang='lat' dir='ltr'>Dei</span> <span class='ocrx_word' id='word_1_598' title='bbox 1340 2641 1580 2678; x_wconf 81' lang='lat' dir='ltr'>disturbant?</span> <span class='ocrx_word' id='word_1_599' title='bbox 1600 2641 1689 2685; x_wconf 85' lang='lat' dir='ltr'>Quae</span> <span class='ocrx_word' id='word_1_600' title='bbox 1699 2642 1756 2677; x_wconf 84' lang='lat' dir='ltr'>est</span> 
     </span>
     <span class='ocr_line' id='line_1_109' title="bbox 983 2688 1754 2736; baseline -0.005 -9"><span class='ocrx_word' id='word_1_601' title='bbox 983 2694 1108 2727; x_wconf 85' lang='lat' dir='ltr'>autern</span> <span class='ocrx_word' id='word_1_602' title='bbox 1122 2689 1268 2736; x_wconf 74' lang='lat' dir='ltr'>Justitia</span> <span class='ocrx_word' id='word_1_603' title='bbox 1289 2689 1446 2725; x_wconf 86' lang='lat' dir='ltr'>Sanctos</span> <span class='ocrx_word' id='word_1_604' title='bbox 1463 2688 1651 2733; x_wconf 81' lang='lat' dir='ltr'>colere,et</span> <span class='ocrx_word' id='word_1_605' title='bbox 1671 2698 1754 2724; x_wconf 90' lang='lat' dir='ltr'>con-</span> 
     </span>
     <span class='ocr_line' id='line_1_110' title="bbox 983 2734 1756 2781; baseline -0.006 -7"><span class='ocrx_word' id='word_1_606' title='bbox 983 2741 1151 2774; x_wconf 87' lang='lat' dir='ltr'>temnere</span> <span class='ocrx_word' id='word_1_607' title='bbox 1167 2735 1404 2772; x_wconf 86' lang='lat' dir='ltr'>sanctitatem</span> <span class='ocrx_word' id='word_1_608' title='bbox 1420 2735 1437 2771; x_wconf 81' lang='lat'><strong>?</strong></span> <span class='ocrx_word' id='word_1_609' title='bbox 1453 2736 1599 2771; x_wconf 82' lang='lat' dir='ltr'>Primus</span> <span class='ocrx_word' id='word_1_610' title='bbox 1619 2734 1756 2781; x_wconf 86' lang='lat' dir='ltr'>gradus</span> 
     </span>
     <span class='ocr_line' id='line_1_111' title="bbox 986 2780 1758 2831; baseline -0.004 -11"><span class='ocrx_word' id='word_1_611' title='bbox 986 2783 1136 2831; x_wconf 86' lang='lat' dir='ltr'>pietatis</span> <span class='ocrx_word' id='word_1_612' title='bbox 1156 2785 1211 2819; x_wconf 89' lang='lat' dir='ltr'>est</span> <span class='ocrx_word' id='word_1_613' title='bbox 1243 2782 1480 2818; x_wconf 76' lang='lat' dir='ltr'>sanctitatem</span> <span class='ocrx_word' id='word_1_614' title='bbox 1505 2781 1675 2828; x_wconf 79' lang='lat' dir='ltr'>diligere,</span> <span class='ocrx_word' id='word_1_615' title='bbox 1696 2780 1758 2817; x_wconf 91' lang='lat' dir='ltr'>de-</span> 
     </span>
     <span class='ocr_line' id='line_1_112' title="bbox 982 2828 1757 2876; baseline -0.004 -8"><span class='ocrx_word' id='word_1_616' title='bbox 982 2831 1070 2868; x_wconf 88' lang='lat' dir='ltr'>inde</span> <span class='ocrx_word' id='word_1_617' title='bbox 1091 2832 1244 2868; x_wconf 83' lang='lat' dir='ltr'>Sanctos</span> <span class='ocrx_word' id='word_1_618' title='bbox 1263 2840 1272 2875; x_wconf 91' lang='lat'>;</span> <span class='ocrx_word' id='word_1_619' title='bbox 1292 2829 1381 2876; x_wconf 86' lang='lat' dir='ltr'>quia</span> <span class='ocrx_word' id='word_1_620' title='bbox 1403 2840 1480 2866; x_wconf 89' lang='lat' dir='ltr'>non</span> <span class='ocrx_word' id='word_1_621' title='bbox 1509 2828 1635 2868; x_wconf 82' lang='lat' dir='ltr'>Sancti</span> <span class='ocrx_word' id='word_1_622' title='bbox 1669 2830 1757 2866; x_wconf 81' lang='lat' dir='ltr'>ante</span> 
     </span>
    </p>
   </div>
   <div class='ocr_carea' id='block_1_5' title="bbox 1836 0 1907 3139">
    <p class='ocr_par' dir='ltr' id='par_1_6' title="bbox 1836 0 1907 3139">
     <span class='ocr_line' id='line_1_113' title="bbox 1836 0 1907 3139; baseline 0 0"><span class='ocrx_word' id='word_1_623' title='bbox 1836 0 1907 3139; x_wconf 95' lang='lat' dir='ltr'> </span> 
     </span>
    </p>
   </div>
  </div>
 </body>
</html>
