1907 3139
194 198 252 233 146
652 194 856 228 SECUNDAE
892 194 1050 228 PAttTls
1088 193 1218 225 CAPUT
1256 192 1361 224 XXll

192 266 337 310 Rahab‚
379 265 417 300 in
448 263 596 310 signum
627 263 731 308 fidei,
774 265 962 307 remanet,

191 315 273 361 ejus
291 311 392 350 enim
414 311 536 348 adhuc
550 309 712 357 parietes
733 309 811 346 sine
830 309 961 346 culmi-

190 372 239 398 ne
260 361 410 397 durant.
432 360 542 395 Juxta
563 359 689 393 autem
711 357 860 394 Jericho
880 357 964 393 fons

191 410 248 445 est
271 406 390 444 dulcis
415 405 463 442 ad
493 404 718 452 potandum,
743 404 892 451 pinguis
917 404 964 440 ad

190 454 414 503 rigandum3
442 453 506 499 qui
529 452 718 498 quondam
741 462 892 487 amarus
917 451 965 487 ad

190 502 411 550 potandum,
440 504 478 535 et
509 498 646 535 sterilis
676 498 724 534 ad
749 498 963 544 rigandum,

186 560 256 597 per
277 548 452 585 Elisaeum
478 548 630 582 sanatus
663 548 743 589 est3
780 545 842 581 hic
880 545 964 581 fons

189 597 262 633 sub
297 599 425 632 monte
458 594 709 636 Quarentanae
748 592 881 634 oritur,
930 595 966 628 et

187 643 324 680 deinde
344 640 509 684 Jericho‚
526 651 610 686 quae
630 639 777 676 duobus
796 639 967 676 milliari-

188 691 261 728 bus
280 689 370 726 inde
403 688 531 731 distat,
559 686 762 724 derivatur.
791 687 848 722 Ad
869 687 967 722 hanc

190 748 281 784 ergo
301 736 490 773 civitatem
510 733 692 770 Dominus
711 734 833 770 eundo
853 735 968 770 Jeru-

191 785 309 821 salem
335 781 547 826 declinavit,
574 784 628 826 ut‚
653 781 861 817 secundum
885 783 968 817 Hie-

189 842 394 877 ronymum,
417 831 567 865 sanaret
587 829 626 863 in
647 839 692 864 ea
714 829 850 864 multos
870 829 968 864 male

189 879 387 915 habentes.
410 878 454 912 Et
473 879 561 912 tunc
575 886 686 911 caecus
701 877 852 921 quidam
873 876 968 911 sede·

192 926 253 961 bat
278 935 378 960 secus
400 925 499 959 viam
523 923 753 966 mendicans‚·
784 925 862 968 qui,
890 933 969 958 cum

191 972 335 1008 turbam
360 973 631 1016 praetereuntem
645 970 802 1014 audiret,
822 972 971 1005 interro-

189 1019 302 1063 9abat
323 1018 413 1063 quid
434 1019 497 1052 hoc
518 1019 619 1051 esset.
648 1018 828 1052 Dimerunt
852 1020 971 1052 autem

191 1068 238 1111 ei,
255 1065 351 1111 quod
367 1066 469 1099 Jesus
482 1065 694 1101 Nazarenus
710 1066 894 1099 transiret.
913 1066 931 1100 J
937 1076 970 1099 e-

189 1122 272 1148 sum
292 1114 416 1147 autem
433 1109 593 1145 transire
613 1109 838 1155 percipiens,
862 1109 973 1146 mise-

190 1158 393 1195 ricordiam
406 1167 488 1193 cum
501 1157 665 1192 clamore
674 1160 901 1193 nontantum
914 1168 973 1193 ex-

190 1205 336 1250 teriori,
358 1205 423 1240 sed
450 1202 563 1239 etiam
591 1203 759 1239 interiori
783 1204 902 1250 petiit.
924 1207 972 1240 Et

190 1253 363 1289 clamavit
383 1252 504 1287 dicens
526 1263 536 1286 :
556 1251 652 1293 Jesu‚
674 1252 730 1295 fiii
751 1252 885 1295 David,
907 1253 971 1286 mi-

190 1311 307 1336 serere
319 1300 449 1334 mei.ln
464 1308 536 1343 quo
551 1308 672 1333 caecus
687 1297 756 1333 iste
772 1302 971 1343 utramque

190 1350 368 1384 naturam
394 1344 434 1380 in
461 1343 608 1381 Christo
631 1345 844 1389 confitetur,
872 1345 971 1381 scili-

191 1397 272 1431 cet:
289 1395 507 1436 humanam,
527 1391 566 1427 in
587 1402 630 1427 eo
651 1392 751 1437 quod
771 1392 860 1427 dicit
883 1403 891 1427 :
914 1394 971 1428 Je-

191 1452 248 1483 su,
265 1443 320 1486 fili
334 1440 468 1483 David,
483 1449 505 1475 a
522 1438 639 1474 David
657 1439 757 1474 enim
778 1441 878 1485 Rege
891 1450 971 1475 car-

193 1498 280 1524 nem
296 1486 478 1532 suscepit;
499 1485 680 1529 divinam,
695 1485 733 1520 in
747 1497 790 1521 eo
807 1487 907 1531 quod
921 1485 973 1521 di-

194 1534 245 1570 cit
264 1546 272 1570 :
295 1536 466 1570 Miserere
484 1531 773 1577 mei,proprium
795 1536 851 1568 est
872 1533 971 1568 enim

192 1583 269 1618 Deo
305 1579 477 1616 misereri
519 1582 704 1614 creaturae
743 1590 832 1620 suae,
860 1590 971 1625 quam

193 1626 375 1671 condidit,
393 1626 597 1662 secundum
619 1624 712 1661 illud
732 1626 938 1662 Psalmistae
961 1638 968 1662 :

193 1675 451 1712 Miserationes
471 1673 549 1717 eJ'us
575 1682 682 1718 super
709 1675 829 1708 omnia
863 1684 971 1719 opera

193 1721 286 1767 ejus.
312 1720 418 1756 Unde
435 1719 620 1764 Cyrillus:
648 1732 667 1752 «
689 1719 761 1755 Istc
774 1731 909 1764 caecus,
931 1720 970 1755 in

192 1766 388 1806 ,ludaismo
430 1765 608 1809 nutritus,
656 1776 732 1801 non
785 1766 971 1813 ignoravit

194 1815 296 1862 quod
315 1815 361 1850 de
378 1812 560 1859 progenie
582 1812 698 1848 David
719 1814 818 1849 Deus
841 1825 972 1849 secun-

193 1863 283 1899 dum
310 1871 462 1897 carnem
494 1863 735 1903 nasceretur;
764 1864 800 1896 et
830 1859 913 1896 ideo
935 1860 969 1897 ei

192 1912 235 1946 ut
261 1910 338 1946 Deo
359 1909 396 1943 et
415 1906 560 1943 homini
589 1906 768 1952 loquitur.
794 1923 810 1939 »
846 1909 890 1944 Et
918 1909 969 1944 li—

193 1959 252 1993 cet
269 1955 529 2000 increparetur
549 1964 571 1989 a
598 1955 708 1989 turba
730 1957 970 2000 praetereun-

192 2006 244 2048 te,
265 2006 302 2039 et
321 2001 534 2038 doctrinam
556 2000 691 2037 Christi
707 2002 942 2038 auscultante
961 2014 969 2046 ;

193 2049 275 2096 ipse
304 2052 432 2085 tamen
462 2048 577 2083 multo
614 2046 733 2093 magis
773 2049 969 2085 clamando

194 2097 350 2150 petebat
381 2094 453 2131 sibi
474 2094 659 2139 misereri,
683 2094 819 2131 timens
848 2107 894 2132 ne
927 2107 971 2132 ex

192 2141 452 2188 increpatione
496 2141 744 2186 impediretur
767 2142 909 2179 auditio
932 2146 969 2179 et

196 2188 383 2227 exauditio
403 2187 594 2233 petitionis
621 2198 710 2224 sure.

246 2251 264 2273 2
286 2238 560 2272 INTERROGATUR
580 2247 603 2270 A
624 2236 792 2271 Cnmsro.
810 2257 854 2262 —
869 2238 971 2272 Jesus

196 2287 316 2319 autem
336 2282 489 2318 tandem
510 2286 664 2328 propter
678 2293 783 2318 suam
803 2281 971 2330 benigni-

193 2333 311 2366 tatem
331 2333 446 2370 stans‚
485 2328 574 2373 quia
604 2339 725 2365 caecus
752 2341 837 2365 eum
866 2331 971 2376 sequi

193 2387 271 2413 non
294 2375 428 2422 potuit,
445 2375 561 2420 jussit
581 2376 688 2411 illum
707 2377 844 2412 adduci
861 2378 969 2419 adse,

191 2434 239 2460 ne
258 2424 370 2459 turba
396 2422 629 2467 prohiberet,
658 2426 693 2458 et
726 2427 767 2459 ut
800 2424 974 2460 occasio-

190 2481 278 2506 nem
299 2468 461 2505 sanandi
491 2470 662 2505 haberet.
688 2471 831 2516 Magnae
851 2473 971 2517 pieta-

190 2517 239 2553 tis
266 2517 305 2552 in
341 2514 488 2552 Christo
524 2516 673 2560 signum
711 2517 792 2561 suit,
824 2519 972 2563 quando

192 2563 315 2610 ipsum
339 2572 479 2599 caecum
496 2567 712 2607 exspectare
727 2564 856 2608 voluit,
873 2569 908 2600 et
927 2566 974 2601 ad

190 2622 230 2647 se
246 2608 380 2647 adduci
401 2608 502 2644 fecit.
527 2609 631 2644 Unde
660 2610 758 2645 idem
782 2612 940 2656 Cyritlus
963 2624 970 2649 t

193 2656 330 2694 «Sistit
352 2658 478 2691 autem
501 2654 692 2691 Christum
709 2668 793 2701 vox,
831 2662 868 2694 et
906 2659 973 2694 in—

192 2706 369 2741 vocantes
389 2702 429 2738 in
451 2701 528 2737 fide
550 2701 719 2748 respicit.
742 2705 785 2740 Et
803 2704 888 2742 ideo
912 2717 972 2742 vo·

192 2754 252 2788 cat
272 2759 426 2793 caecum,
446 2748 557 2801 eique
582 2750 765 2787 accedere
782 2753 910 2797 jussit,
933 2755 974 2789 ut

193 2798 350 2844 scilicet,
369 2795 434 2843 qui
454 2806 559 2842 prius
579 2796 655 2833 fide
678 2808 764 2834 eum
784 2799 971 2843 tetigerat,

1038 261 1313 308 appropinquet
1333 264 1370 296 et
1386 271 1555 306 corpore.
1582 274 1599 294 »
1623 260 1682 297 Sic
1703 261 1812 297 debe-

1038 312 1123 345 rent
1136 309 1260 344 facere
1273 307 1392 344 nostri
1410 307 1598 354 principes
1617 318 1700 344 cum
1715 307 1814 343 vide-

1037 358 1121 392 rent
1135 365 1318 402 pauperes
1336 358 1622 401 conquerentes,
1643 354 1785 391 scilicet
1802 365 1811 390 ε

1038 406 1151 448 stare,
1173 407 1208 439 et
1227 403 1350 439 facere
1370 402 1493 438 vocari
1515 402 1561 438 ad
1581 413 1634 447 se,
1654 406 1694 438 ut
1713 401 1815 438 audi-

1037 454 1120 487 rent
1138 460 1266 486 eorum
1285 449 1552 495 querimonias,
1572 450 1814 494 facerentque

1039 497 1290 543 cisjustitiam
1308 496 1494 542 expedire.
1518 499 1565 532 Et
1587 508 1665 532 cum
1686 506 1814 542 appro-

1034 547 1250 591 pinquasset
1267 546 1509 587 interroqavit
1526 545 1645 587 illum,
1665 544 1786 578 dicens
1804 553 1812 578 :

1039 593 1134 635 Quid
1152 592 1220 627 tibi
1245 592 1300 625 vis
1320 592 1486 634 faciam?
1508 591 1586 626 Non
1612 590 1709 635 quod
1744 590 1816 625 hoc

1041 641 1243 684 ignoraret,
1271 638 1336 673 sed
1369 640 1409 673 ut
1435 638 1514 683 ejus
1542 636 1815 673 confessionem

1040 687 1266 732 approbaret
1277 697 1284 729 3
1299 685 1558 725 et,secundum
1567 684 1813 726 Ambrosium,

1041 736 1081 769 ut
1117 732 1297 768 sciremus
1340 731 1411 767 nisi
1455 731 1697 767 confitentem
1737 741 1814 766 non

1041 791 1152 826 posse
1171 778 1320 823 salvari,
1346 783 1382 814 et
1402 782 1442 814 ut
1469 789 1533 814 cor
1560 778 1638 824 ejus
1660 778 1707 813 ad
1729 788 1815 814 ora-

1042 828 1182 863 tionem
1204 826 1395 869 excitaret,
1415 828 1450 861 et
1476 826 1603 861 lumen
1637 825 1736 871 quod
1769 835 1812 861 ex

1043 885 1110 911 sua
1136 873 1304 910 bonitate
1335 873 1539 919 largiturus
1575 872 1609 908 ei
1651 875 1743 916 erat,
1767 872 1814 908 ad

1043 921 1098 958 sui
1135 920 1355 967 petitionem
1393 920 1588 964 tribueret,
1622 918 1711 965 quia
1738 929 1814 955 non

1044 972 1152 1005 sanat
1170 967 1321 1012 invitos,
1351 967 1416 1003 sed
1436 966 1682 1003 voluntarios.
1711 966 1816 1002 Unde

1043 1017 1273 1060 Auqustinus
1291 1027 1301 1050 :
1325 1029 1343 1047 «
1363 1014 1429 1057 Qui
1449 1014 1587 1050 creavit
1607 1016 1643 1049 te
1668 1012 1748 1049 sine
1765 1017 1815 1056 te,

1044 1074 1119 1099 non
1134 1061 1357 1109 J'ustisscabit
1379 1066 1414 1097 te
1439 1061 1519 1097 sine
1542 1064 1590 1096 te.
1612 1074 1630 1093 »
1656 1060 1762 1096 Unde
1781 1065 1817 1096 et

1044 1111 1261 1146 Ambrosius
1284 1121 1291 1146 :
1337 1124 1353 1140 «
1392 1110 1481 1145 Vult
1505 1118 1623 1143 omnes
1657 1109 1817 1143 homines

1044 1159 1164 1193 salvos
1185 1158 1277 1201 fieri,
1297 1156 1377 1200 sed,
1395 1155 1423 1191 si
1444 1157 1623 1191 accedant
1642 1155 1688 1190 ad
1710 1165 1816 1199 eum;

1045 1215 1120 1240 non
1138 1204 1238 1239 enim
1259 1203 1311 1239 sic
1322 1203 1400 1238 vult
1419 1205 1459 1238 ut
1476 1203 1645 1238 nolentes
1673 1202 1816 1237 salven-

1045 1255 1118 1295 tur,
1142 1252 1206 1286 sed
1228 1250 1409 1293 volentes,
1431 1261 1505 1285 non
1528 1249 1629 1285 enim
1653 1260 1742 1285 vera
1761 1259 1818 1285 sa-

1046 1299 1102 1334 lus
1127 1301 1195 1341 cst,
1226 1297 1255 1332 si
1280 1296 1421 1332 nolenti
1443 1297 1642 1333 tribuatur.
1668 1309 1686 1330 »
1708 1298 1816 1340 Item,

1047 1346 1250 1381 secundum
1283 1345 1472 1388 Cyrillum,
1493 1342 1752 1388 interrogavit,
1776 1345 1817 1379 ut

1046 1392 1185 1428 scirent
1206 1395 1372 1427 astantes
1394 1391 1494 1437 quod
1515 1402 1588 1426 non
1605 1390 1816 1436 pecuniam,

1047 1441 1111 1475 sed
1138 1438 1301 1474 divinam
1323 1438 1531 1474 efficaciam
1553 1450 1573 1473 a
1603 1439 1678 1473 Deo
1710 1441 1815 1483 pete-

1046 1488 1121 1522 bat.
1145 1486 1235 1521 Vide
1256 1485 1366 1521 ethic
1390 1484 1538 1521 Domini
1560 1484 1815 1529 clementiam,

1046 1533 1132 1579 quia
1154 1543 1230 1568 non
1264 1532 1488 1577 dedignatus
1516 1537 1571 1567 est
1597 1542 1674 1567 non
1697 1532 1817 1567 solum

1045 1584 1159 1623 stare,
1180 1579 1245 1614 sed
1263 1582 1299 1614 ct
1319 1579 1457 1624 alloqui
1486 1589 1687 1625 personam
1706 1578 1818 1614 vilem

1046 1630 1081 1662 et
1102 1636 1317 1672 pauperem.
1337 1627 1389 1661 At
1405 1627 1467 1661 ille
1496 1626 1739 1671 respondens,
1766 1626 1820 1660 di-

1044 1676 1126 1709 [εἰει
1150 1675 1311 1713 Domine,
1321 1674 1527 1717 utvideam,
1545 1673 1607 1708 ubi
1628 1671 1819 1708 miseriam

1045 1723 1081 1757 et
1099 1721 1357 1756 necessitatem
1371 1731 1477 1755 suam
1499 1719 1675 1764 insinuat,
1698 1730 1741 1755 ac
1759 1730 1817 1756 re-

1044 1767 1207 1803 medium
1229 1770 1265 1802 et
1280 1767 1570 1810 revelationem;
1592 1778 1660 1803 nec
1676 1765 1819 1812 aliquid

1045 1815 1146 1850 aliud
1158 1817 1295 1860 praeter
1313 1815 1383 1850 hoc
1399 1815 1572 1859 postulat.
1590 1814 1715 1850 Voluit
1730 1825 1818 1860 ergo

1044 1863 1224 1898 Dominus
1252 1862 1381 1897 audire
1408 1861 1506 1897 illius
1530 1862 1818 1906 consessionem,

1044 1920 1105 1955 (μη
1128 1912 1253 1944 tamen
1275 1919 1350 1944 non
1373 1908 1522 1955 ignorat
1541 1908 1678 1944 mentis
1700 1908 1820 1944 inten-

1043 1957 1196 2000 tionem,
1215 1959 1254 1991 ut
1273 1967 1541 2001 cognoscamus
1552 1967 1627 1992 non
1642 1954 1713 1991 nisi
1736 1966 1819 1991 con-

1044 2004 1212 2038 fitentem
1236 2013 1346 2047 posse
1374 2003 1497 2039 sanari
1518 2004 1564 2039 ab
1596 2002 1819 2038 infirmitate

1043 2049 1206 2096 spiritus.
1230 2049 1335 2084 Unde
1372 2051 1469 2085 hunc
1507 2059 1646 2085 caecum
1673 2049 1818 2085 salvare

1043 2096 1161 2132 noluit
1177 2095 1355 2141 quamdiu
1373 2096 1545 2132 clamavit
1560 2096 1599 2131 in
1618 2097 1785 2142 generali
1809 2108 1816 2132 :

1044 2146 1214 2179 Miserere
1241 2145 1330 2185 mei;
1359 2144 1424 2179 sed
1452 2148 1650 2189 postquam
1682 2143 1821 2189 specia-

1044 2190 1132 2226 liter
1160 2188 1365 2225 insinuavit
1399 2190 1603 2235 miseriam,
1625 2191 1731 2236 cujus
1759 2201 1819 2226 re-

1045 2238 1270 2273 velationem
1300 2236 1369 2273 sihi
1402 2237 1697 2274 misericorditer
1736 2236 1818 2274 fieri

1044 2283 1259 2331 postulavit,
1287 2286 1375 2319 tunc
1396 2295 1480 2320 eum
1500 2285 1659 2321 sanavit.

1092 2335 1112 2366 5
1131 2332 1385 2375 ILLUMINATUR,
1402 2344 1580 2373 PLEBSQUE
1598 2344 1737 2368 munim
1752 2343 1817 2367 DAT

1046 2380 1136 2415 Deo.
1158 2397 1203 2403 -—-
1222 2378 1330 2413 l'etiit
1350 2379 1448 2414 enim
1468 2382 1508 2415 ut
1521 2379 1676 2423 videret,
1699 2382 1731 2414 et
1760 2381 1818 2414 Je-

1045 2436 1119 2469 sus,
1150 2425 1264 2460 verbo
1286 2427 1557 2470 potentissimo,
1587 2437 1658 2471 quo
1692 2425 1814 2461 dixit:

1046 2472 1140 2515 Fiat,
1156 2474 1192 2506 et
1210 2472 1424 2517 factumest,
1439 2474 1538 2508 discit
1556 2474 1615 2508 illi
1633 2484 1641 2508 ι
1657 2475 1817 2518 Respice.

1047 2521 1163 2555 Breve
1183 2520 1353 2563 verbum,
1377 2520 1441 2555 sed
1461 2520 1498 2555 in
1520 2519 1740 2565 operatione
1762 2520 1814 2555 es-

1051 2564 1326 2609 licacissimum,
1348 2569 1383 2601 et
1405 2567 1491 2611 quia
1518 2567 1557 2602 in
1578 2567 1650 2602 tide
1661 2566 1817 2602 creden-

1047 2613 1138 2648 tium
1160 2613 1315 2648 verbum
1346 2613 1492 2648 Domini
1521 2618 1710 2660 operatur,
1732 2613 1815 2648 ideo

1047 2659 1285 2706 subJungitur
1313 2671 1319 2696 :
1340 2661 1447 2695 Fides
1464 2664 1527 2696 tua
1546 2662 1687 2696 salvum
1704 2664 1737 2696 te
1760 2661 1816 2703 fe-

1046 2709 1107 2742 cit.
1131 2708 1180 2742 Ex
1214 2706 1288 2742 fide
1328 2707 1426 2743 enim
1464 2707 1685 2754 impetratur
1717 2708 1818 2743 salus

1046 2753 1263 2800 corporalis,
1279 2756 1314 2789 et
1332 2754 1588 2801 spiritualis,et
1603 2753 1791 2791 aeternalis
1808 2765 1816 2790 z

1045 2803 1092 2837 Et
1110 2802 1304 2844 confestim
1321 2802 1429 2842 vidit,
1442 2806 1475 2837 et
1485 2802 1700 2846 sequebatur
1713 2802 1815 2836 ilium
