1907 3139
295 187 342 219 nn
381 184 600 218 SESSIONE
637 185 793 219 DOMINI
831 187 972 222 SUPER
1009 188 1183 221 PULLUM
1224 189 1274 221 ht·
1311 190 1495 225 Astmtt.
1666 194 1719 225 135

86 256 142 293 nis
171 255 398 302 cooperitur,
422 258 459 291 et
485 257 619 291 ornata
650 255 764 291 sesne
787 256 840 292 Do

87 305 186 340 mino
208 307 375 350 paratur,
398 304 605 345 apostolica
632 301 805 339 instituta
827 307 863 339 et

86 351 252 397 exempla
278 362 320 385 ac
351 350 563 385 doctrinam
602 349 779 386 virtutum
811 351 861 387 si-

85 399 277 445 gnificant,
302 396 437 443 quibus
458 397 572 433 corda
592 397 787 433 hominum
806 400 861 434 in-

85 448 310 489 struxerunt,
335 448 375 479 ut
393 444 591 480 Dominum
612 444 862 481 habitatorem

83 493 224 530 habere
244 495 418 538 possenu
444 491 584 537 quibus
599 492 864 538 receptisaJu-

85 539 176 576 daeis
197 543 232 575 et
262 538 460 583 Gentibus,
484 540 589 575 sedet
611 539 647 574 in
675 539 729 575 eis
753 539 862 576 Chri<

84 590 175 626 stus,
190 586 278 633 quia
297 586 367 622 nisi
386 588 514 622 anima
531 586 589 622 his
606 588 787 623 instructa
808 588 863 624 su-

85 634 156 671 erit
170 638 206 670 et
221 638 369 677 ornata,
391 635 506 670 Deum
524 645 708 670 sessorem
726 635 863 671 habere

84 693 159 718 non
182 684 359 718 meretur.
380 681 482 717 Unde
501 683 709 717 Bernartius
727 693 734 717 z
760 684 864 718 «Do-

86 729 188 766 mino
210 740 360 775 quoque
376 740 526 764 sessuro
555 740 668 776 super
689 730 862 775 asellum,

88 780 210 812 vestes
237 787 324 812 suas
351 776 524 822 discipuli
560 778 863 821 substraverunt,

88 823 344 869 significantes
363 824 594 860 Salvatorem
617 835 683 860 seu
705 825 865 860 salutem

89 882 327 917 nequaquam
360 870 524 907 insidere
557 872 668 907 nudae
711 871 862 913 anima),

87 930 200 965 quam
216 930 290 954 non
307 917 481 954 videlieet
495 918 667 954 vestitam
682 917 867 954 invenerit

89 966 262 1002 doctrina
282 969 319 1001 et
340 966 507 1001 moribus
528 966 793 1012 Apostolorum
814 978 822 1001 2
847 980 864 999 »

91 1014 171 1049 haec
190 1013 414 1049 Ber-nardus.

137 1064 157 1096 8
191 1061 267 1097 Cun
288 1062 450 1096 Donmrs
485 1071 586 1096 rmus
609 1072 719 1096 suren
737 1072 867 1096 asima

90 1120 212 1151 SEDET,
236 1120 276 1143 ET
298 1119 426 1143 DEINDE
456 1119 567 1143 SUPER
602 1120 762 1144 AsELLnu
783 1108 800 1143 ἰ)
821 1128 867 1134 -

90 1155 261 1192 Christus
284 1166 372 1201 ergo
402 1165 514 1201 super
537 1154 682 1191 asinam
715 1159 751 1192 et
783 1156 867 1201 pul-

89 1203 167 1239 lum
190 1202 300 1247 sedit,
326 1205 479 1249 propter
501 1202 697 1239 veritatem
733 1204 865 1249 praeal-

89 1250 224 1296 legatae
244 1250 469 1296 prophetiae,
492 1260 574 1295 qnae
605 1251 676 1286 hoc
694 1261 868 1296 expresse

90 1297 192 1334 dicit.
213 1299 257 1333 Et
276 1297 398 1344 primo
433 1297 529 1332 sedit
555 1308 667 1343 super
693 1308 837 1333 asinam
857 1309 865 1340 ς

92 1346 272 1388 secundo,
311 1347 396 1391 post
434 1344 635 1380 adventum
666 1346 787 1381 turbae
823 1345 868 1380 de

90 1392 314 1431 Jerusalem,
352 1391 446 1427 sedit
477 1402 590 1437 super
612 1392 768 1437 pullum,
791 1391 867 1438 qui,

93 1439 182 1485 quia
207 1439 411 1475 indomitus
437 1441 472 1474 et
517 1438 676 1474 lascivus
711 1443 803 1481 erat,
833 1442 870 1474 et

93 1497 205 1531 super
223 1497 306 1522 eum
335 1496 444 1521 nemo
472 1485 593 1520 adhuc
615 1486 775 1527 sederat,
800 1496 869 1521 nec

93 1535 218 1570 adhuc
234 1533 444 1579 applicatus
465 1532 639 1567 humanis
657 1532 782 1568 usibus
793 1533 868 1568 fue-

95 1585 164 1625 rat,
189 1589 339 1627 propter
366 1578 665 1626 inquietudinem
689 1583 725 1615 et
745 1579 869 1615 incon-

92 1627 328 1665 suetudinem
352 1628 478 1663 forsztn
504 1626 791 1671 recalcitrabat;
832 1630 868 1663 et

92 1675 176 1712 ideo
196 1676 366 1712 Christus
391 1676 465 1710 Rex
486 1677 702 1710 mansuetus
717 1675 868 1710 descen-

91 1722 159 1767 dit,
182 1726 219 1758 et
242 1722 376 1758 deinde
402 1732 514 1768 super
539 1721 682 1757 asinam
707 1722 774 1758 sub
803 1722 867 1767 ju-

92 1782 138 1816 go
158 1769 340 1806 domitam
361 1769 497 1805 iterum
529 1769 736 1805 ascendens
756 1768 862 1804 sedit.

94 1820 169 1854 Hoc
190 1821 317 1853 autem
337 1817 475 1852 sactum
494 1820 549 1851 est
574 1815 610 1851 in
626 1816 760 1862 figura,
779 1815 868 1861 quia

90 1876 158 1911 per
176 1864 319 1900 asinam
336 1863 619 1909 significabatur
630 1862 787 1908 populus
806 1864 868 1899 Ju-

92 1912 237 1954 daicus‚
260 1913 321 1957 qui
351 1912 419 1946 suh
444 1912 538 1956 Lege
557 1910 812 1962 laboraverat,
831 1913 867 1945 et

87 1960 219 2006 jugum
239 1957 346 2004 Legis
367 1961 545 2001 traxerat,
569 1968 612 1993 ac
635 1957 762 1993 multis
780 1968 864 1992 vin-

91 2006 184 2043 culis
205 2010 443 2052 peccatorum
463 2004 638 2050 alligatus
665 2007 745 2040 erat
768 2015 776 2048 ;
799 2015 866 2051 per

90 2054 248 2100 pullum,
279 2052 441 2099 populus
466 2051 635 2095 Gentilis,
679 2051 741 2098 qui
774 2053 864 2098 jugo

94 2100 200 2147 Legis
217 2101 407 2146 subJectus
426 2111 499 2135 non
528 2099 662 2141 suerat,
688 2110 757 2135 nec
784 2099 866 2145 quis

92 2159 178 2185 eum
202 2149 292 2194 jugo
314 2146 461 2183 Domini
489 2149 719 2190 coercuerat,
744 2157 787 2182 ac
806 2146 865 2182 di-

92 2197 210 2232 versis
249 2194 487 2240 dogmatibus
510 2197 548 2230 et
568 2193 758 2230 erroribus
780 2195 866 2229 sub-

93 2243 193 2279 ditus
210 2246 303 2279 erat.
325 2242 381 2278 Ad
408 2242 479 2277 hoc
501 2252 590 2287 ergo
614 2242 782 2278 Christus
804 2251 865 2276 ve-

90 2290 233 2333 niebat,
264 2294 305 2326 ut
344 2292 542 2335 utrumque
580 2288 759 2334 populum
796 2287 866 2324 sibi

93 2349 158 2383 per
177 2337 291 2373 fidem
310 2336 532 2372 catholicam
551 2336 784 2382 subjugaret.
802 2336 866 2371 Se-

92 2385 184 2421 dens
222 2387 348 2421 autem
392 2383 512 2429 primo
550 2394 662 2429 super
706 2382 866 2427 asinam,

92 2432 268 2474 secundo,
283 2441 396 2477 super
406 2430 562 2477 pullum,
579 2430 715 2466 deinde
729 2429 866 2465 iterum

94 2490 206 2525 super
231 2478 392 2521 asinam,
430 2477 670 2523 significavit,
699 2477 787 2523 quia
821 2477 867 2512 de

93 2525 236 2562 Judaeis
256 2524 428 2561 transivit
446 2525 493 2561 ad
505 2526 656 2569 Gentes,
675 2528 712 2560 et
732 2524 867 2559 iterum

93 2573 132 2608 in
158 2573 232 2608 sine
252 2572 379 2608 mundi
403 2572 449 2608 de
481 2571 664 2607 Gentibus
695 2570 869 2607 transibit

95 2620 141 2656 ad
170 2620 340 2663 Judae0s;
379 2622 417 2654 ut
453 2623 653 2665 postquam
675 2618 868 2664 plenitudo

95 2666 265 2703 Gentium
292 2666 502 2709 intraverit,
520 2665 642 2702 omnis
659 2666 772 2701 Israel
795 2665 867 2700 sal-

95 2725 162 2750 vus
184 2714 263 2749 fiat.
291 2715 366 2748 Hoc
392 2713 608 2759 mysterium
649 2712 761 2749 etiam
799 2723 867 2748 no-

95 2763 198 2798 tatur
224 2760 261 2796 in
296 2760 480 2796 delatione
511 2760 673 2796 missalis
697 2771 718 2796 a
752 2771 869 2796 cornu

97 2810 141 2845 ad
159 2819 274 2844 cornu
286 2808 429 2844 altaris,
446 2808 526 2853 Vel,
543 2808 748 2844 secundum
771 2807 869 2843 Glos-

933 268 1025 300 εφη,
1048 268 1122 293 non
1135 257 1181 293 ad
1202 257 1365 294 litteram
1384 270 1496 304 super
1514 263 1715 308 utrumque

937 303 971 339 in
994 308 1071 340 tam
1101 305 1203 341 brevi
1232 305 1353 351 spatio
1376 307 1485 350 sedit,
1509 309 1573 343 sed
1605 309 1714 354 spiri—

935 351 1085 387 tualiter
1112 353 1181 388 hoe
1209 351 1498 398 intelligendum
1529 359 1597 395 est,
1630 356 1718 401 quia

936 398 972 434 in
993 399 1211 445 praecordiis
1232 400 1429 446 utriusque
1450 401 1574 447 populi
1597 405 1714 439 sedet.

937 448 1040 482 Unde
1080 449 1385 491 chrysostomus:
1417 448 1570 484 «Sedet
1605 460 1716 495 super

935 494 1078 529 asinam
1095 498 1130 530 et
1144 495 1289 541 pullum
1304 495 1395 541 ejus¹
1415 498 1504 531 utet
1522 495 1558 530 in
1575 497 1717 533 Judaeis

938 542 1099 585 sederet,
1129 546 1165 578 et
1199 543 1234 577 in
1263 543 1457 578 Gentibus.
1487 543 1625 579 Sedere
1652 555 1718 580 au-

937 591 1012 624 tem
1032 600 1145 634 super
1161 590 1333 635 jumenta
1365 592 1421 625 est
1440 589 1476 625 in
1499 591 1719 636 praecordiis

937 647 1068 672 eorum
1090 637 1275 680 habitare,
1298 640 1339 672 ut
1366 636 1467 673 dicat
1494 637 1567 673 illis
1603 638 1717 674 Chri—

939 686 1017 719 stus
1035 695 1041 718 :
1070 686 1199 720 Tollite
1212 684 1345 729 juqum
1368 695 1484 720 meum
1505 696 1614 730 super
1636 697 1719 729 vos3

939 737 971 766 et
997 731 1140 771 discite.
1165 734 1252 777 quia
1287 733 1388 767 mitis
1411 743 1490 767 sum
1511 737 1544 768 et
1570 734 1721 769 humilis

939 778 1056 813 corde.
1084 791 1100 811 »
1127 780 1207 814 Non
1236 782 1293 815 est
1317 782 1442 815 autem
1471 780 1720 817 contrarietas

940 825 1038 870 quod
1059 826 1259 862 Matthaeus
1280 826 1369 862 dicit
1391 826 1536 863 asinam
1562 830 1599 864 et
1634 829 1718 874 pul-

940 872 1031 915 lum,
1047 873 1159 908 ceteri
1182 878 1305 909 autem
1326 877 1472 910 tantum
1490 874 1620 911 dicunt
1635 877 1719 918 pul-

941 920 1028 963 lum,
1051 920 1139 965 quia
1155 932 1250 957 unus
1263 922 1494 967 quandoque
1515 921 1720 968 dicitquod

941 966 1036 1002 alius
1056 971 1152 1003 tacet
1178 972 1211 1004 et
1228 968 1495 1014 praetermittit.
1521 971 1720 1007 Matthaeus

941 1013 1093 1060 quidem
1121 1015 1289 1052 scribens
1329 1016 1510 1061 Hebraeis,
1540 1018 1718 1054 Hebraeo-

944 1072 1025 1097 rum
1051 1062 1201 1108 eloquio
1229 1066 1329 1099 recte
1351 1063 1497 1099 asinam
1520 1068 1556 1100 et
1579 1065 1719 1110 pullum

941 1109 1056 1144 refert
1073 1109 1181 1145 simul
1196 1110 1355 1146 Domino
1370 1111 1564 1156 adductos,
1580 1112 1723 1149 sciebat

943 1155 1042 1192 enim
1065 1157 1237 1193 notitiam
1274 1157 1336 1193 Dei
1359 1162 1554 1194 venturam
1579 1160 1625 1195 ad
1646 1162 1721 1196 Ju-

943 1204 1044 1239 daeos
1072 1207 1107 1239 ct
1129 1205 1265 1241 Gentes
1287 1217 1296 1250 ς
1319 1205 1383 1241 sed
1411 1206 1524 1242 ceteri
1550 1208 1718 1253 Evange-

942 1251 1036 1286 listae
1072 1251 1280 1288 scribentes
1316 1253 1492 1289 Ecclesiae
1530 1254 1719 1299 Gentium,

943 1298 1072 1334 Graeco
1096 1310 1286 1342 sermone,
1306 1300 1542 1336 solummodo
1563 1302 1720 1339 mentio-

943 1356 1028 1381 nem
1052 1346 1140 1390 pulli
1177 1347 1330 1390 faciunt,
1373 1349 1461 1393 quia
1488 1349 1589 1393 quod
1622 1350 1720 1385 Gen-

943 1391 1035 1428 tium
1052 1393 1209 1429 salutem
1226 1394 1439 1441 specialiter
1456 1394 1621 1442 respicit,
1638 1397 1719 1442 plus

943 1440 1154 1476 attendunt.

991 1502 1010 1532 9
1036 1488 1261 1530 MonAmTER,
1287 1500 1375 1524 cARo
1404 1500 1469 1525 PER
1506 1502 1650 1534 ASINAM,
1677 1502 1718 1526 Er

943 1545 1009 1568 PER
1036 1545 1175 1570 PULLun
1199 1546 1369 1571 citamus
1404 1548 1577 1573 AFFECTUS
1603 1549 1717 1573 siem-

942 1592 1078 1616 FJCATA.
1104 1602 1143 1607 -
1161 1582 1366 1623 Moraliter,
1389 1594 1456 1629 per
1475 1584 1620 1621 asinam
1639 1589 1718 1631 pot-

942 1631 998 1664 est
1018 1627 1177 1674 intelligi
1199 1640 1285 1666 caro
1310 1635 1438 1666 nostra
1459 1631 1579 1677 pigra,
1610 1633 1714 1668 stoli-

942 1675 1002 1718 da,
1025 1675 1174 1717 lasciva,
1204 1677 1250 1712 ab
1283 1677 1464 1713 anteriori
1501 1679 1648 1719 debilis.
1677 1680 1716 1716 id

942 1726 998 1758 est
1024 1723 1071 1758 ad
1087 1723 1313 1769 spiritualia,
1335 1735 1357 1760 a
1375 1726 1573 1770 posteriori
1592 1727 1715 1773 fortis,

941 1769 979 1805 id
1003 1773 1057 1806 est
1097 1771 1144 1806 ad
1188 1772 1435 1818 temporalia;
1475 1784 1543 1819 per
1575 1774 1717 1820 pullum

942 1817 1104 1853 carnalis
1121 1818 1303 1863 ass'ectus,·
1326 1823 1362 1854 et
1395 1830 1530 1856 vanum
1569 1822 1716 1858 deside-

941 1863 1038 1899 rium
1061 1870 1244 1908 nostrum,
1268 1877 1352 1912 quae
1386 1866 1563 1912 ligantur,
1586 1868 1623 1904 id
1662 1872 1719 1905 est

941 1911 1173 1957 voluptatum
1191 1912 1377 1949 illecebris
1396 1913 1630 1960 Irretiuntur‚
1650 1916 1717 1952 sed

942 1969 986 1993 ea
1009 1959 1154 1994 solvere
1176 1963 1211 1994 et
1232 1960 1417 2005 subjicere
1435 1961 1630 2005 debemus,
1674 1966 1717 1999 ut

942 2006 1039 2041 Deus
1066 2004 1116 2041 ibi
1134 2006 1277 2050 sedeat,
1302 2007 1431 2053 illique
1456 2008 1643 2046 dicamus:
1673 2012 1719 2046 Ut

936 2052 1142 2097 jumentum
1160 2056 1281 2097 factus
1301 2066 1381 2090 sum
1405 2057 1505 2102 apud
1537 2060 1582 2096 te.
1621 2068 1715 2093 onus

942 2104 1040 2143 taxa,
1065 2104 1101 2136 et
1122 2102 1355 2146 portabimus
1378 2114 1386 2146 ;
1411 2106 1448 2138 et
1477 2114 1496 2138 e
1534 2115 1714 2141 converso

941 2147 1162 2183 audiamus:
1181 2151 1307 2194 Empti
1326 2152 1412 2185 estis
1430 2152 1548 2196 pretio
1568 2163 1715 2197 magno,

938 2198 1082 2239 portate
1101 2197 1213 2231 Deum
1233 2198 1271 2231 in
1310 2208 1456 2242 corpore
1484 2202 1614 2234 vestro.
1644 2201 1714 2236 Per

941 2241 1024 2277 illos
1044 2252 1144 2287 vero,
1167 2242 1229 2288 qui
1261 2244 1408 2280 asinam
1433 2248 1470 2281 et
1495 2246 1636 2290 pullum
1666 2247 1714 2283 ad

943 2288 1132 2325 Christum
1154 2290 1406 2336 deducebant,
1425 2293 1654 2339 poenitentes
1669 2294 1717 2330 si-

941 2335 1111 2381 gnificari
1136 2343 1306 2383 possunt,
1335 2339 1397 2385 qui
1423 2350 1576 2376 carnem
1607 2352 1714 2378 suam

942 2384 1033 2436 dant
1057 2385 1147 2429 Deo,
1178 2395 1246 2431 per
1284 2386 1647 2432 mortificationem3
1679 2392 1714 2425 et

942 2441 1118 2471 ammam,
1129 2442 1197 2478 per
1210 2432 1495 2470 contritionem:
1510 2434 1717 2472 sicutenim

942 2488 1008 2523 per
1028 2478 1174 2514 asinam
1193 2491 1294 2525 caro,
1316 2480 1369 2515 sic
1386 2491 1453 2527 per
1472 2481 1616 2527 pullum
1638 2482 1716 2518 ani-

943 2535 1025 2560 mus
1038 2525 1274 2572 designatur.

994 2587 1034 2607 10
1057 2574 1252 2610 nummus
1275 2587 1409 2612 SEMPER
1429 2589 1533 2612 Erhm
1554 2590 1589 2613 m·
1613 2591 1716 2614 EXTE-

943 2630 1106 2656 moninus
1145 2633 1321 2658 HABENDA.
1348 2644 1394 2649 —
1424 2626 1477 2659 Ad
1513 2626 1715 2662 ostenden-

944 2666 1029 2702 dam
1050 2678 1140 2713 ergo
1162 2680 1267 2705 suam
1287 2670 1537 2707 humilitatem
1560 2676 1597 2708 et
1618 2683 1716 2708 man-

944 2714 1197 2759 suetudinem,
1220 2717 1397 2754 Dominus
1420 2729 1493 2754 non
1515 2729 1627 2765 super
1659 2730 1717 2755 su-

943 2762 1102 2807 perbum
1122 2767 1159 2798 et
1179 2763 1379 2809 fervidum,
1400 2766 1465 2801 sed
1484 2766 1636 2802 humilis
1655 2777 1715 2802 su-

943 2818 1009 2854 per
1031 2809 1186 2854 humile,
1211 2815 1248 2846 et
1269 2811 1371 2847 mitis
1397 2823 1510 2859 super
1531 2812 1619 2849 mite
1640 2813 1717 2849 ani-
