1855 3139
294 200 345 233 DE
381 197 730 232 EXHORTATIONE
769 196 824 231 Ab
862 198 1133 239 SEQUENDUM
1171 199 1414 239 CHRISTUM,
1454 200 1547 234 ETC.
1700 201 1737 235 13

103 270 196 313 Quid
211 268 270 305 hic
284 278 349 303 vos
364 266 485 304 dicitis
500 268 762 304 observatores
780 268 878 305 cibo-

102 328 206 361 rum,
234 326 380 351 morum
421 314 656 361 neglectores
679 313 697 352 ?
738 315 880 362 Hippo-

102 369 224 400 crates
240 367 276 400 et
290 373 471 408 sequaces
489 362 568 408 ejus
583 363 719 398 docent
735 363 878 399 animas

101 412 221 447 salvas
236 411 358 446 facere
378 409 417 445 in
438 410 508 445 hoc
524 410 685 454 mundo;
709 410 879 447 Christus

100 463 138 494 et
164 459 244 505 ejus
272 456 458 503 discipuli,
479 458 647 502 perdere.
671 458 878 500 Quemnam

99 517 165 542 vos
186 517 229 542 ex
260 506 406 541 duobus
433 505 539 550 sequi
568 504 789 552 magistrum
815 509 879 542 aut

101 564 251 590 servum
269 551 436 598 eligitis?
456 552 638 597 Epicurus
655 557 767 598 atque
789 554 878 600 Hip-

100 604 285 647 poenites,
308 600 404 635 alter
436 600 604 645 corporis
631 600 875 646 voluptatem,

100 649 196 684 alter
230 649 367 684 bonam
401 645 664 683 habitudinem
697 648 877 694 praefert;

100 706 207 732 meus
223 696 399 741 Magister
419 693 612 739 utriusque
634 694 689 730 rei
710 700 878 731 contem-

98 748 204 790 ptum
225 743 417 790 praedieat.
440 740 534 784 Quid
562 743 662 777 enim
688 743 755 777 tibi
776 743 878 779 aliud

100 792 226 827 sonuit
254 800 337 826 cum
357 788 558 824 clamatum
579 794 635 825 est
657 801 665 825 z
689 790 759 832 Qui
778 795 878 826 amat

99 840 261 874 animam
298 847 416 880 suam,
449 837 579 881 perdet
602 837 710 872 eam?
741 838 878 873 Perdet

98 890 223 921 autem
241 884 344 929 dixit,
361 884 439 919 sive
457 885 644 928 ponendo,
663 887 701 919 ut
718 889 872 930 martyr,

97 934 174 969 sive
203 931 421 977 affligendo,
447 934 486 964 ut
515 933 712 976 poenitens.
738 933 875 975 Quam-

98 991 210 1027 quam
229 978 397 1025 martyrii
418 987 537 1022 genus
553 978 611 1020 sit,
629 979 763 1024 spiritu
780 981 877 1015 t'acta

98 1028 219 1063 carnis
241 1025 483 1068 mortificare,
507 1025 570 1061 illo
594 1025 772 1061 nimirum
801 1037 873 1072 quo

98 1076 268 1111 membra
311 1073 507 1110 caeduntur
548 1074 646 1109 t'crro
665 1101 673 1118 ,
716 1074 875 1110 horrore

97 1123 249 1168 quidem
266 1121 419 1163 mitius;
439 1121 504 1155 sed
523 1121 772 1156 diuturnitate
794 1132 874 1157 mo-

96 1169 228 1206 lestius
250 1181 258 1206 :
281 1183 297 1202 η
318 1170 398 1204 haec
413 1168 635 1204 Bernardas.

144 1233 163 1264 7
179 1219 323 1254 Lucium
339 1226 527 1252 TERRENUM
544 1227 813 1260 nernsmnnun,
830 1227 875 1252 UT

95 1276 279 1301 TOLLATUR
306 1273 503 1300 SECUNDUM.
536 1284 580 1290 —
609 1263 752 1299 Deinde
777 1263 875 1298 tollit

95 1313 301 1348 secundum
332 1309 658 1357 impedimentum,
682 1311 782 1356 quod
818 1315 875 1346 est

95 1359 212 1395 nimia
236 1359 418 1405 cupiditas
442 1358 550 1402 lucri,
581 1363 618 1394 et
643 1358 874 1393 desiderium

96 1411 332 1442 terrenorum
362 1434 371 1450 ,
426 1406 555 1443 dicens
583 1418 591 1441 ι
639 1405 735 1448 Quid
780 1407 875 1439 enim

92 1455 240 1500 prodest
261 1454 413 1497 homini,
428 1453 646 1490 simundum
666 1453 873 1487 universum

95 1502 266 1545 lucretur,
287 1501 334 1536 de
353 1510 426 1546 quo
448 1501 541 1537 nihil
558 1510 686 1535 secum
708 1500 873 1535 moriens

91 1553 246 1595 portare
267 1548 418 1594 poterit,
455 1546 528 1584 nisi
550 1552 758 1593 peccatum,
780 1546 871 1591 imo,

93 1599 234 1641 quanto
270 1595 355 1642 plus
393 1594 594 1642 acquisivit
631 1595 675 1630 de
714 1594 870 1638 mundo,

92 1646 198 1679 tanto
213 1643 294 1689 plus
306 1643 505 1688 acquisivit
520 1643 564 1677 de
582 1641 751 1685 inferno;
773 1642 871 1676 unde

94 1691 132 1725 in
145 1689 365 1736 Apocalypsi
381 1690 517 1726 dicitur
538 1701 544 1725 :
563 1690 746 1732 Quantum
761 1689 871 1732 olori-

91 1740 215 1783 ficavz't
234 1748 284 1781 se,
325 1740 358 1772 et
382 1739 422 1772 in
437 1738 581 1772 deliciis
612 1738 701 1780 fuit,
729 1739 871 1771 tantum

91 1785 250 1820 dawilli
271 1788 486 1820 tormentum
508 1788 540 1819 et
555 1785 712 1827 luctum3
730 1787 766 1817 et
786 1788 871 1828 post

91 1832 166 1867 tale
193 1832 352 1875 lucrum,
375 1834 506 1867 animae
523 1842 595 1865 suae
616 1831 870 1865 detrimentum

88 1881 269 1925 patiatur,
292 1880 432 1914 scilicet
460 1877 667 1914 amittendo
694 1876 867 1922 gloriam,

91 1926 319 1962 incurrendo
341 1936 489 1971 poenam
510 1929 705 1969 aeternam,
728 1928 765 1959 et
784 1934 869 1969 per-

91 1973 214 2009 dendo
232 1974 438 2008 humanam
454 1972 736 2008 substantiam?
755 1970 868 2013 Quasi

91 2021 233 2056 diceret
253 2031 260 2055 :
284 2021 381 2056 Nihil
403 2020 564 2066 prolicit,
590 2020 665 2054 imo
691 2028 757 2064 per
777 2018 869 2053 talia

89 2068 248 2103 multum
279 2067 414 2111 perdit,
437 2066 580 2102 scilicet
608 2067 643 2100 id
678 2065 780 2111 quod
813 2068 868 2100 est

90 2115 303 2150 immortale
323 2119 360 2150 et
385 2114 554 2149 divinum
580 2113 618 2148 in
641 2123 705 2156 eo;
728 2115 765 2147 et
785 2113 867 2147 ideo

90 2161 327 2206 anima,cum
340 2163 386 2196 sit
400 2160 636 2204 immortalis,
650 2170 868 2205 praeponen-

90 2209 138 2244 da
178 2212 235 2244 est
274 2210 448 2244 omnibus
488 2208 795 2253 corruptibilibus
832 2210 868 2242 ct

88 2255 339 2300 transitoriis;
371 2266 457 2292 nam
491 2256 621 2291 anima
652 2254 864 2305 rationalis,

90 2303 650 2348 imagineTrinitatisinsignita,
671 2303 868 2346 pretiosior

91 2354 147 2386 est
165 2352 309 2386 cunctis
326 2352 487 2386 terrenis
502 2356 538 2385 et
559 2349 641 2385 ideo
661 2348 796 2384 stultus
812 2353 867 2383 est

89 2396 153 2442 qui
172 2397 253 2443 plus
270 2398 469 2444 pecuniam
490 2407 604 2442 quam
624 2396 866 2440 semetipsum

91 2444 361 2491 diligitzquod
390 2445 478 2480 facit
504 2445 567 2490 qui
587 2447 739 2489 propter
765 2442 867 2477 illam

89 2493 286 2527 tormentis
316 2493 467 2527 aeternis
498 2502 537 2526 se
570 2491 734 2536 exponit.
760 2490 865 2525 Unde

90 2538 202 2574 nimis
234 2539 369 2574 stultus
399 2542 455 2574 est
486 2549 632 2581 avarus,
657 2538 731 2572 imo
761 2537 866 2582 peJor

90 2595 202 2630 quam
239 2586 434 2622 diabolus:
475 2587 563 2631 quia
607 2595 746 2620 avarus
782 2587 865 2629 plus

91 2631 214 2677 diligit
228 2644 435 2677 nummum,
453 2644 564 2678 quam
580 2633 745 2668 animam
760 2641 864 2665 suam

91 2679 148 2714 vel
168 2679 347 2726 aliorum,
365 2681 432 2716 sed
452 2679 623 2715 diabolus
642 2679 725 2724 plus
743 2677 864 2722 diligit

92 2736 207 2762 unam
225 2728 400 2771 animam,
414 2738 525 2773 quam
538 2732 656 2762 totum
666 2725 861 2761 mundum.

93 2774 325 2819 Quapropter
352 2775 442 2809 dixit
467 2775 613 2810 Christo
633 2782 863 2819 praesumens

93 2820 265 2867 decipere
284 2831 371 2857 eum
392 2833 402 2858 2
422 2823 505 2858 Haec
525 2822 647 2857 omnia
664 2821 733 2856 tibi
753 2819 861 2865 dabo,

952 268 1095 304 scilicet
1131 267 1315 304 mundum
1351 268 1479 314 istum,
1514 272 1548 305 si
1583 272 1729 316 cadens,

952 316 1164 352 adoraveris
1181 326 1248 351 me.
1267 317 1310 351 Et
1330 316 1427 357 ideo,
1451 321 1489 352 ut
1503 318 1592 353 dicit
1609 319 1731 363 Oriqe-

951 374 1027 407 nes,
1049 363 1195 399 duobus
1216 363 1430 409 propositis,
1454 365 1575 409 magis
1595 369 1651 401 est
1671 366 1733 401 eli-

952 411 1117 456 gendum
1153 414 1193 446 ut
1230 411 1413 446 mundum
1451 413 1662 456 perdamus,
1698 416 1735 448 et

952 458 1146 494 lucremur
1176 459 1322 494 animas
1357 461 1518 494 nostras.
1562 460 1665 495 Unde
1697 462 1733 495 ct

952 506 1172 541 Ambrosius
1186 505 1239 541 ait
1255 517 1288 542 :«
1304 505 1420 541 Valde
1436 506 1647 541 timendum
1662 510 1732 551 est,

952 564 999 589 ne
1037 557 1192 599 propter
1229 552 1427 589 avaritiam
1461 554 1644 598 pecuniae,
1673 554 1729 589 vel

953 606 1106 646 propter
1120 611 1290 636 amorem
1303 601 1465 636 carnalis
1474 601 1559 636 vitae
1572 602 1732 637 salutem

952 648 1163 683 animarum
1184 658 1354 693 quaerere
1372 648 1627 694 negligamus3
1643 649 1731 693 quia

953 695 1046 730 nihil
1082 695 1232 740 prodest
1260 695 1473 731 lucrificare
1494 696 1733 741 temporalia,

952 744 982 777 si
1010 743 1217 787 perdantur
1243 747 1399 779 aeterna.
1426 757 1439 774 »
1466 743 1510 777 Et
1535 744 1599 778 dat
1624 744 1734 787 Chry-

951 793 1128 825 sostomus
1154 791 1366 835 exemplum
1392 803 1402 828 :
1437 804 1450 822 «
1482 789 1518 825 Si
1550 801 1663 837 egens
1694 790 1734 826 in

951 836 1093 872 ultimis
1124 838 1232 872 malis
1256 836 1396 882 positus
1424 837 1570 872 videres
1604 847 1734 873 servos

951 883 989 919 in
1017 884 1168 919 lascivia
1193 895 1318 931 agere,
1339 885 1438 930 quod
1467 885 1613 920 lucrum
1634 886 1733 921 aesti-

954 941 1073 966 mares
1098 937 1133 966 te
1162 942 1291 967 eorum
1313 932 1509 967 dominum
1537 932 1649 969 esse?
1674 933 1732 968 Sic

951 977 1041 1024 quid
1057 979 1227 1014 lucratur
1238 978 1365 1014 anima
1378 984 1441 1014 tua
1456 979 1608 1020 misera,
1621 991 1733 1016 carne

950 1025 1182 1071 lasciviente,
1206 1025 1236 1061 si
1264 1026 1427 1062 futuram
1450 1027 1733 1063 damnationem

951 1074 1167 1119 exspectat?
1190 1086 1207 1107 ))
1234 1074 1304 1109 Sed
1327 1084 1479 1120 magna,
1502 1075 1592 1110 heu!
1619 1074 1733 1110 hodie

950 1121 1099 1155 caecitas
1123 1124 1159 1155 et
1182 1124 1351 1156 amentia
1372 1122 1410 1155 in
1432 1121 1648 1157 hominibus
1671 1133 1730 1158 re-

953 1166 1114 1212 peritur3
1133 1168 1454 1213 quia,secundum
1466 1170 1731 1215 Auqustinum,

950 1215 980 1249 si
1002 1214 1087 1260 quis
1114 1218 1315 1261 argentum
1336 1226 1428 1251 auro
1453 1217 1648 1261 praeponit,
1672 1218 1732 1252 dc-

950 1261 1407 1308 mentissimusjudicatur
1424 1274 1433 1307 ;
1449 1262 1480 1297 si
1496 1274 1584 1299 vero
1599 1275 1731 1299 aurum

951 1310 1027 1344 Deo
1049 1310 1247 1354 praeponit,
1264 1321 1286 1346 a
1299 1310 1402 1345 nullo
1421 1311 1729 1355 reprehenditur.

950 1357 1109 1401 Exponit
1155 1356 1269 1392 etiam
1314 1356 1536 1402 praedictum
1583 1358 1731 1394 Domini

950 1404 1106 1439 verbum
1134 1404 1177 1438 de
1204 1403 1278 1439 illis
1303 1404 1367 1450 qui
1393 1405 1539 1440 animas
1568 1404 1729 1442 aliorum

950 1451 1089 1485 lucrari
1111 1450 1255 1494 volunt,
1276 1455 1311 1486 et
1332 1452 1502 1497 proprias
1520 1453 1730 1499 negligunt.

950 1499 1053 1533 Unde
1089 1499 1363 1543 Chrysostomus
1405 1511 1415 1533 :
1453 1511 1471 1533 «
1509 1500 1546 1535 Si
1579 1500 1732 1536 alterius

949 1544 1131 1580 sollicitus
1153 1549 1373 1581 contemnas
1394 1549 1444 1590 te,
1467 1545 1600 1582 similis
1618 1557 1657 1583 es
1677 1547 1732 1583 eis

948 1593 1011 1638 qui
1032 1592 1184 1628 metalla
1204 1592 1350 1628 fodiunt
1371 1596 1407 1629 et
1423 1597 1619 1630 necantur.
1647 1607 1664 1628 »
1688 1596 1733 1631 Et

947 1638 1036 1685 quia
1059 1643 1186 1685 posset
1206 1639 1344 1686 aliquis
1365 1640 1490 1677 dicere
1514 1653 1521 1676 z
1546 1641 1622 1677 Etsi
1647 1642 1730 1678 ani-

947 1697 1048 1722 mam
1074 1687 1245 1733 perdam,
1265 1692 1391 1723 tamen
1424 1699 1467 1724 ex
1492 1688 1619 1724 multis
1646 1700 1731 1736 qua:

946 1733 1135 1778 lucrabor,
1159 1746 1243 1770 eam
1259 1735 1458 1780 redimam,
1482 1736 1731 1781 quodfalsum

947 1784 1016 1825 est,
1034 1782 1226 1827 subjungit
1248 1793 1255 1818 :
1276 1784 1352 1818 Aut
1374 1794 1483 1828 quam
1504 1787 1731 1819 commutati-

946 1839 1066 1869 onem,
1105 1829 1143 1864 id
1170 1835 1227 1865 est
1261 1830 1584 1876 redemptionem,
1624 1832 1730 1867 dabit

946 1877 1047 1910 homo
1059 1887 1123 1921 pro
1136 1879 1261 1912 anima
1273 1888 1352 1919 sua,
1367 1877 1510 1913 scilicet
1524 1878 1729 1914 damnata?

946 1922 1058 1965 Quasi
1073 1922 1214 1959 diceret
1231 1935 1238 1958 :
1258 1924 1294 1960 Si
1310 1935 1377 1970 pro
1392 1935 1437 1960 ea
1450 1927 1550 1960 totus
1566 1926 1729 1962 mundus

945 1970 1112 2014 daretur,
1136 1981 1212 2006 non
1234 1981 1302 2017 per
1325 1973 1396 2006 hoc
1422 1971 1662 2008 liberaretur.
1684 1975 1730 2009 Et

943 2016 1042 2060 ideo,
1082 2028 1158 2052 non
1182 2022 1306 2063 potest
1338 2018 1548 2064 comparari
1582 2019 1728 2056 lucrum

944 2063 1073 2099 mundi
1101 2064 1148 2099 ad
1175 2065 1446 2101 detrimentum
1474 2065 1630 2112 animae,
1660 2078 1728 2113 per

944 2111 1043 2156 quod
1060 2111 1173 2147 homo
1191 2112 1316 2157 perdit
1335 2124 1417 2148 eam
1433 2116 1470 2148 et
1486 2113 1601 2149 vitam
1621 2118 1728 2150 aeter-

943 2169 1044 2193 nam.
1073 2159 1180 2202 Nam,
1206 2160 1361 2204 perditis
1387 2159 1542 2205 divitiis,
1566 2164 1726 2206 possunt

942 2215 1008 2251 per
1034 2205 1126 2241 alias
1154 2206 1303 2242 divitias
1335 2208 1586 2253 compensari,
1619 2212 1656 2244 et
1693 2209 1725 2245 si

942 2263 1043 2288 mors
1058 2252 1389 2300 infligitur,potest
1404 2255 1642 2301 compensari
1658 2267 1725 2302 per

942 2299 1056 2335 vitam
1081 2300 1354 2346 immortalem,
1383 2313 1467 2348 quae
1492 2302 1531 2338 in
1557 2313 1723 2339 resurre-

942 2346 1066 2383 ctione
1087 2352 1346 2393 exspectatum
1369 2350 1434 2385 sed
1455 2349 1486 2385 si
1510 2349 1637 2386 anima
1656 2361 1723 2396 per

942 2395 1089 2441 culpam
1126 2396 1319 2441 perdatur,
1348 2407 1423 2432 non
1460 2401 1652 2443 exspectes
1684 2397 1722 2434 in

941 2441 1016 2476 alia
1046 2441 1173 2478 anima
1198 2443 1500 2489 recompensari,
1525 2444 1614 2490 quia
1644 2455 1721 2480 non

940 2489 1081 2534 poteris
1099 2489 1212 2525 aliam
1233 2490 1413 2535 animam,
1432 2491 1498 2526 sed
1515 2502 1638 2537 neque
1657 2491 1721 2527 ali-

941 2535 1032 2581 quid
1046 2536 1162 2581 aliud,
1175 2537 1282 2582 quasi
1298 2537 1631 2574 commutationem
1651 2549 1719 2585 pro

940 2593 985 2618 ea
1010 2583 1113 2628 dare,
1142 2587 1183 2619 ut
1213 2584 1352 2620 liberes
1386 2596 1469 2620 eam
1498 2585 1544 2621 de
1579 2592 1721 2621 aeterna

940 2634 1074 2666 morte.
1113 2632 1211 2667 Deus
1248 2636 1373 2667 autem
1414 2643 1482 2678 pro
1521 2632 1719 2668 animabus

939 2677 1135 2713 hominum
1153 2678 1255 2714 dedit
1272 2679 1620 2724 commutationem,
1637 2691 1719 2715 san-

938 2724 1092 2769 guinem
1110 2725 1189 2760 Filii
1209 2725 1267 2761 sui
1286 2726 1505 2772 pretiosum.
1521 2727 1719 2762 perdenda

938 2775 995 2807 est
1020 2771 1135 2818 igitur
1161 2773 1289 2808 anima
1315 2778 1352 2809 et
1377 2773 1453 2810 vita
1480 2784 1659 2819 praesens,
1677 2773 1716 2809 in

937 2818 1009 2855 hoc
1041 2820 1183 2864 seculo,
1214 2823 1369 2867 propter
1393 2820 1611 2864 Dominum3
1641 2830 1717 2856 non
