1907 3139
209 154 270 189 284
667 156 874 189 SECUNDAE

207 224 444 272 judicaturus
463 236 507 262 eo
524 224 684 262 maximo
702 228 883 270 tempore,
906 235 980 270 quo

212 276 365 309 cunctos
381 272 607 320 judiciorum
629 274 708 319 ejus
725 274 874 315 oblitos,
896 273 982 307 huic

211 320 337 356 seculo
363 320 593 366 conspexerit
625 331 705 356 esse
735 320 979 365 mincipatos,

212 366 300 412 quia
319 367 404 403 licet
427 368 553 404 mundi
578 368 755 403 terminus
776 366 863 402 olim
887 377 981 413 praa-

212 414 319 450 finito
356 415 402 450 sit
432 420 609 451 venturus
636 415 673 449 in
696 421 794 460 temp
812 425 880 457 ‚re3
921 413 982 449 tri-

912 155 1066 188 PARTIS
1105 154 1240 188 CAPUT
1279 156 1367 190 XLV

1058 235 1169 269 quam
1196 225 1231 260 in
1252 235 1343 271 agro
1370 225 1451 271 Dei,
1478 228 1517 263 ut
1537 229 1667 272 surgat
1690 230 1727 264 et
1744 238 1832 273 pro-

1056 272 1158 308 ficiat
1191 273 1323 309 messis
1348 275 1456 320 hujus
1489 274 1569 319 agri
1610 275 1793 312 Dominici
1822 288 1830 312 z

1056 331 1148 355 unus
1175 325 1376 356 assumetur
1416 321 1556 358 scillcet
1585 323 1630 357 ad
1657 323 1831 368 gloriam,

1055 370 1095 402 ut
1117 370 1293 413 praetatus
1326 369 1447 404 bonus
1468 373 1503 404 et
1536 369 1636 405 utilis
1656 381 1664 413 ;
1687 374 1719 406 et
1740 381 1834 406 unus

1056 416 1294 460 restuquetzw,
1325 415 1371 451 ad
1390 427 1553 461 poenam,
1574 416 1713 452 scilicet
1736 428 1834 463 prae-

213 466 388 507 gescente
416 466 543 498 tamen
568 464 665 498 circa
693 460 980 497 flnemvaritate
1019 466 1021 507 ξ
1058 460 1153 496 latus
1194 462 1314 498 malus
1354 467 1390 498 et
1434 463 1587 499 inutilis.
1611 465 1717 508 Item,
1755 465 1835 500 duae

214 509 431 551 multorum,
462 513 566 545 tanta
587 510 796 545 crebrescet
826 507 981 543 hnmani
1019 512 1021 549 i
1056 513 1165 544 erunt
1185 511 1353 544 moeones
1373 511 1411 544 z'n
1438 512 1533 546 mota
1571 511 1607 546 id
1635 515 1690 547 est
1712 511 1749 547 in
1769 522 1830 547 ex-

211 556 360 602 generis
386 556 579 602 iniquitas,
610 559 648 591 ut
682 556 815 591 merito
846 555 980 591 debeat

212 614 295 639 cum
320 603 414 649 ipso,
447 614 558 649 quem
584 603 780 645 inhabitat,
801 603 892 638 orbe
918 603 978 638 de-

210 650 292 687 leri·
317 650 407 687 Nam
445 654 481 686 et
514 661 611 685 nuuc
639 650 789 695 quidem
813 652 981 686 mnume-
1019 666 1020 707 l
1056 696 1105 731 mi
1120 707 1156 732 ie
1177 696 1422 733 desiffnantur·
1459 697 1545 743 quia
1563 701 1666 744 tamCt
1777 699 1784 705 ’

1019 709 1020 742 3
1113 710 1118 730 Ι
1259 724 1278 742 ὃ
1427 726 1435 740 ‚
1671 710 1754 735 uam
1776 710 1833 735 ln-

209 709 272 734 res
291 698 383 733 adeo
411 697 713 733 commessationi
733 703 768 733 et
791 697 979 741 ebrietati,

211 744 391 791 emptioni
439 748 475 780 et
511 744 728 788 venditioni,
773 744 981 790 ceterisque

210 792 339 828 mundi
376 793 487 827 rebus
521 792 703 827 inhaerere
732 791 916 836 videmus,
943 795 981 826 ut

208 839 333 885 palam
354 838 509 875 districti
530 838 671 874 ,Iudicis
691 838 785 874 iram
807 850 871 874 eos
893 849 980 884 pro-

209 897 340 922 vocare
372 897 448 921 non
488 888 609 921 lateat.
632 886 703 922 Sed
734 890 859 922 tamen
882 885 981 931 quod

210 933 288 968 sine
312 932 417 978 gravi
451 943 613 969 moerore
641 944 790 978 sapiens
820 933 980 979 quisque

210 980 342 1016 saltem
377 980 542 1024 cogitare
584 990 658 1015 non
699 980 810 1024 valet,
853 981 981 1025 peiora

206 1027 284 1073 J'atn
313 1027 466 1072 jamque
500 1032 771 1072 superventura
805 1027 981 1063 formida-

210 1074 425 1119 mus,quod
463 1084 563 1109 enim
602 1074 646 1109 de
684 1085 758 1109 una
794 1075 982 1119 quondam

209 1124 416 1168 peccatrice
437 1124 547 1165 gente
563 1121 725 1157 delenda
742 1121 883 1157 dictum
898 1126 953 1157 ea
970 1133 978 1156 t

1019 750 1021 777 ὲ
1058 743 1153 778 tirmi
1199 755 1220 779 a
1251 744 1461 790 praepositis
1500 749 1682 791 reguntur

1018 590 1020 608 J
1056 555 1184 591 ercitio
1209 555 1380 599 actionis,
1403 567 1485 601 quae
1507 557 1545 592 in
1573 558 1727 594 modum
1748 569 1828 594 mo-

1055 602 1100 638 1ae
1131 602 1288 638 volvitur
1324 602 1650 648 sollicitudinibus,
1679 609 1715 641 et
1736 616 1829 651 per-

1055 649 1148 685 tinet
1166 649 1213 684 ad
1238 650 1398 696 populos
1428 651 1490 696 qui
1519 651 1743 688 seminarum
1763 663 1832 688 no-

1725 757 1733 781 :
1761 758 1835 782 una

1056 795 1259 826 assumetur
1276 792 1323 827 ad
1345 791 1515 837 gl-miam,
1533 791 1675 828 scilicet
1689 795 1830 839 J'ustus,

1058 842 1091 873 et
1110 850 1183 873 una
1197 840 1424 884 relinquetur
1442 839 1489 875 ad
1507 850 1669 885 poenam,
1692 840 1836 877 scilicet

1058 884 1232 931 injustus.
1252 888 1356 929 Item,
1374 888 1411 921 in
1427 888 1495 921 illu
1513 891 1613 922 nocte
1635 891 1739 923 erunt
1763 888 1832 923 duo

1057 935 1096 968 in
1124 934 1210 968 lecto
1238 944 1320 973 uno,
1356 933 1393 968 id
1427 936 1483 969 est
1520 933 1557 969 in
1592 934 1717 980 quiete
1743 945 1835 971 con-

1021 1006 1022 1023 ,
1058 979 1328 1026 temptationis,
1352 979 1413 1026 qui
1453 980 1569 1016 otium
1598 985 1634 1016 et
1669 981 1835 1028 quietem

1021 1040 1022 1073 ᾗ
1059 1027 1215 1072 eligunt,
1244 1031 1279 1063 et
1313 1038 1435 1073 neque
1461 1028 1621 1073 negotiis
1642 1028 1834 1069 ‚ecclesia-

1021 1080 1023 1113 ξ
1059 1074 1174 1117 sticis,
1218 1085 1338 1120 neque
1378 1075 1608 1112 secularibus
1648 1076 1835 1123 occupati,

208 1169 368 1206 Necdum
408 1169 588 1213 completae
633 1172 718 1204 sunt
765 1171 981 1213 iniquitates
1021 1167 1023 1181 ‘

209 1216 514 1256 Amorrhaeoram,
537 1217 580 1250 de
614 1219 693 1251 tota
720 1216 847 1261 procul
869 1216 981 1252 dubio

208 1273 409 1309 pravorum
445 1273 568 1298 massa
595 1263 809 1299 damnanda
837 1266 984 1299 constat

209 1321 291 1346 esse
325 1309 577 1346 sentiendum.
614 1324 631 1342 »
666 1331 708 1336 —-
740 1310 907 1356 Mystice,
929 1322 984 1346 se-

1021 1143 1023 1152 t
1060 1122 1124 1157 sed
1146 1121 1245 1157 velut
1264 1122 1310 1157 ad
1333 1123 1411 1157 haec
1431 1122 1571 1158 infirmi
1587 1124 1769 1159 secedunt
1788 1124 1836 1159 ad

1059 1169 1175 1204 otium
1198 1173 1233 1203 et
1253 1169 1367 1214 quieti
1393 1180 1473 1205 esse
1497 1169 1669 1215 diligunt,
1693 1181 1767 1206 non
1795 1181 1835 1206 se

1060 1215 1208 1261 magnis
1239 1216 1449 1252 actionibus
1485 1219 1776 1263 committentes,
1800 1220 1837 1253 et

1022 1275 1023 1303 ς
1060 1263 1223 1308 quodam
1247 1264 1355 1299 :nodo
1383 1265 1418 1299 in
1450 1267 1567 1300 stratu
1606 1263 1836 1300 infirmitatis

209 1358 372 1393 cundum
404 1357 579 1393 eumdem
606 1358 753 1402 Bedum,
788 1359 893 1401 Loth,
920 1359 981 1403 qui
1022 1355 1023 1364 ¹

210 1404 479 1450 interpretatur
504 1405 712 1444 declinans,
744 1408 800 1440 est
826 1406 984 1451 populus

210 1452 427 1497 electorum,
450 1453 510 1498 qui
539 1452 628 1488 dum
662 1452 701 1487 in
736 1453 921 1496 Sodomis,
947 1452 985 1488 id

209 1503 266 1535 est
294 1499 391 1535 inter
424 1500 603 1544 reprobos
636 1503 675 1534 ut
696 1500 842 1535 advena
866 1511 984 1536 mora-
1022 1510 1024 1536 2

209 1549 283 1590 tur,
299 1550 478 1591 quintum
497 1546 594 1581 valet
610 1557 738 1582 eorum
759 1547 901 1582 scelera
922 1547 985 1582 de-

210 1593 335 1629 clinat.
367 1595 527 1629 Exeunte
549 1596 673 1629 autem
691 1595 781 1629 Loth
800 1594 845 1629 de
865 1594 983 1629 Sodo-

211 1652 285 1685 ma,
307 1640 414 1686 perit,
437 1641 535 1686 qnia,
553 1641 756 1676 secundum
780 1642 984 1684 Chrysosto-

209 1738 281 1771 stat
310 1735 375 1770 iste
408 1734 583 1778 mundus,
613 1738 648 1769 et
672 1746 756 1770 cum
789 1735 912 1771 Sancti
937 1736 984 1771 de

211 1782 349 1818 mundo
365 1782 558 1818 deficiunt,
580 1785 636 1817 est
657 1781 782 1827 utique
802 1793 980 1826 casuru÷;

213 1828 266 1865 sic
291 1831 417 1872 etiam,
437 1828 715 1874 egredientibus
741 1830 918 1865 Israelitis
939 1830 985 1865 de

209 1878 379 1923 AEgypto,
402 1876 671 1912 exterminatus
699 1882 755 1911 est
790 1879 981 1922 AEgyptus.

1060 1312 1177 1346 Deum
1203 1314 1392 1356 rogantes,
1412 1322 1518 1351 unus.
1539 1310 1681 1347 scilicet
1699 1313 1833 1355 bonus;

1060 1361 1263 1392 assumetur
1287 1358 1333 1394 ad
1365 1359 1547 1403 salutem;
1572 1363 1606 1394 et
1635 1360 1740 1402 ulter,
1763 1358 1836 1394 sci-

1023 1414 1025 1454 }
1060 1404 1145 1440 licet
1173 1406 1306 1448 malus,
1327 1405 1561 1451 relinquetur
1583 1406 1630 1442 ad
1652 1406 1838 1442 damnati-

1061 1462 1183 1487 onem.
1211 1454 1251 1487 In
1276 1452 1441 1498 quolibet
1461 1464 1549 1499 ergo
1572 1453 1731 1489 istorum
1752 1457 1836 1489 sta—

1060 1502 1164 1534 tuum
1186 1500 1395 1535 ostenditur
1409 1499 1556 1546 aliquos
1576 1511 1657 1536 esse
1679 1501 1834 1545 electos,

1022 1573 1024 1584 ⁴
1060 1549 1097 1582 et
1111 1546 1257 1592 aliquos
1274 1548 1454 1592 reprobos
1471 1559 1480 1591 ;
1495 1547 1531 1582 in
1551 1547 1720 1593 quolibet
1735 1546 1837 1583 enim

1060 1597 1147 1629 sunt
1172 1593 1256 1629 boni
1295 1599 1330 1629 et
1362 1595 1462 1630 mali.
1492 1594 1599 1639 Quia,
1625 1594 1836 1630 secundum

1022 1653 1024 1686 ;
1059 1642 1320 1684 Auyusttnum,
1349 1640 1387 1676 in
1415 1643 1517 1677 omni
1545 1641 1778 1685 conditione,
1801 1643 1838 1677 et

210 1699 319 1727 mum,
343 1687 521 1733 quamdiu
550 1690 634 1722 sunt
656 1687 826 1723 homines
839 1688 983 1731 fideles,
1022 1691 1023 1702 ¹

211 1926 296 1960 Haec
315 1923 429 1968 igitur
448 1923 622 1967 praedtcta
641 1923 835 1959 audientes
856 1925 985 1959 timea-
1022 1933 1023 1944 ¹

211 1982 293 2007 mus
314 1974 416 2006 actus
439 1978 586 2006 nostros
619 1974 655 2005 et
675 1972 721 2005 ab
752 1971 827 2007 otio
864 1983 905 2007 ac
930 1972 983 2006 la-

211 2017 334 2054 sciviis
355 2019 489 2054 amolo
508 2016 752 2057 abstinentes.
777 2023 813 2054 et
828 2019 873 2054 de
896 2030 986 2058 prse-

210 2065 329 2101 teritis
343 2065 611 2115 ,poenitentiam
629 2069 796 2109 agentes,
813 2067 859 2102 ad
880 2066 983 2101 illam
1024 2065 1025 2068 ’

211 2112 311 2148 diem
334 2111 481 2148 Domini
496 2122 563 2147 nos
581 2111 659 2147 sine
674 2113 877 2149 cessatione
890 2124 986 2160 prze-

214 2169 401 2205 paremus

258 2209 278 2241 5
302 2207 351 2241 DE
373 2206 671 2242 UNo'AsscussNno
695 2218 736 2242 ET
758 2218 894 2242 ameno
923 2219 984 2241 RE-

210 2264 426 2293 LINQUENDO.
449 2274 494 2279 —-
516 2253 669 2297 Deinde,
687 2257 770 2300 post
792 2253 985 2289 incertitu-

212 2300 337 2336 dinem
361 2300 540 2345 temporis
563 2301 708 2346 judicii,
731 2301 894 2336 ostendit
920 2301 986 2337 in·-

211 2347 474 2384 certitudinem
513 2347 645 2383 salutis
675 2348 983 2393 judicanti-mum,

211 2405 258 2431 ne
284 2405 366 2441 quis
393 2394 439 2430 de
463 2405 529 2430 suo
553 2402 651 2431 statu
680 2399 898 2441 przesumat,
929 2396 984 2431 vel

212 2453 251 2478 se
285 2441 418 2484 elevet,
443 2441 529 2487 quia
558 2442 595 2477 in
620 2442 721 2478 omni
747 2447 847 2478 statu
876 2446 986 2478 erunt

210 2488 325 2533 aliqui
345 2487 467 2531 electi,
488 2493 524 2524 et
546 2488 661 2534 aliqui
691 2489 855 2535 reprobi.
890 2492 986 2525 Tunc

212 2535 312 2572 enim
331 2537 370 2571 in
391 2536 458 2570 tut
482 2539 582 2571 nocte
613 2535 877 2578 tribulationis,
899 2536 987 2582 qnia
1025 2534 1026 2551 ³

210 2582 460 2619 Antichristus
482 2583 574 2618 hora
600 2585 839 2619 tenebrarum
857 2588 928 2628 est,
950 2587 986 2619 et

211 2629 384 2666 similiter
427 2633 484 2665 est
518 2628 556 2664 in
584 2634 692 2666 nocte
732 2630 877 2673 mortis,
915 2632 985 2667 duo

212 2680 315 2713 erunt
343 2678 381 2712 in
406 2687 507 2720 ayro,
541 2675 575 2711 id
611 2681 666 2712 est
693 2677 729 2713 in
755 2678 986 2723 agricultura

210 2723 456 2772 praelationis,
478 2723 541 2768 qui
564 2728 730 2769 praesunt
748 2725 985 2769 Ecclesits,et

212 2774 415 2821 operantur
428 2770 467 2807 in
477 2770 652 2809 Ecclesiae
667 2770 876 2810 ministerio
890 2776 982 2809 tam-

1059 1687 1176 1733 gradu
1204 1689 1355 1733 optimis
1386 1687 1500 1724 mixta
1533 1691 1620 1724 sunt
1657 1688 1836 1732 pessima.

1059 1736 1104 1770 Et
1132 1734 1196 1779 qui
1223 1735 1311 1770 boni
1353 1735 1490 1771 suerint
1523 1738 1763 1771 assumentur
1789 1735 1837 1771 ad

1021 1821 1022 1827 ἵ
1059 1782 1196 1827 gaudia
1223 1787 1364 1818 aeterna
1386 1783 1449 1818 ubi
1478 1785 1513 1818 et
1541 1782 1723 1825 Christus,
1747 1781 1837 1830 quia

1060 1830 1122 1864 ubi
1137 1831 1252 1872 fuerit
1274 1840 1415 1874 corpus.
1439 1829 1477 1865 id
1500 1833 1556 1865 est
1584 1829 1768 1866 Dominus
1794 1829 1834 1864 in

1060 1887 1227 1921 corpore,
1249 1875 1390 1912 scilicet
1409 1876 1587 1919 Christus,
1611 1877 1672 1922 qni
1694 1881 1750 1913 est
1770 1877 1836 1913 ho-

1062 1934 1120 1959 mo
1145 1934 1362 1969 corporeus,
1384 1927 1420 1959 et
1441 1924 1524 1960 ideo
1545 1924 1772 1970 aquilarum,
1798 1923 1835 1959 id

1061 1975 1117 2006 est
1138 1970 1350 2006 animarum
1376 1975 1588 2007 sanctarum
1617 1972 1757 2017 praeda,
1781 1971 1836 2006 ibi

1061 2019 1376 2062 eoam-effabuntur
1402 2022 1435 2053 et
1460 2020 1608 2063 aquilae,
1625 2018 1838 2064 spirituales

1062 2064 1098 2100 in
1120 2076 1289 2109 corpore,
1316 2064 1456 2100 scilicet
1486 2065 1610 2101 Sancti
1646 2070 1683 2101 et
1711 2063 1834 2108 electi,

1063 2111 1125 2158 qui
1156 2113 1236 2158 ejus
1258 2111 1476 2148 Passionem
1511 2111 1838 2157 humilitatemque

1025 2156 1027 2205 ζ
1064 2159 1258 2200 imitando,
1295 2162 1487 2205 tamquam
1527 2160 1572 2195 de
1613 2160 1694 2205 ejus
1725 2169 1838 2212 carne

1026 2210 1027 2214 ’
1063 2209 1290 2250 saturantur,
1312 2216 1470 2251 quorum
1500 2217 1568 2253 per
1592 2209 1838 2243 resurrectio-

1026 2275 1028 2305 3
1064 2265 1162 2297 nem,
1181 2255 1413 2289 renovabitur
1430 2257 1470 2289 ut
1489 2255 1624 2298 aqutlae
1639 2254 1836 2298 juvencum

1062 2301 1150 2337 mali
1184 2311 1271 2336 vero
1304 2311 1389 2336 cum
1415 2300 1565 2336 diabolo
1601 2302 1648 2336 att
1682 2309 1837 2345 poenam

1063 2358 1242 2384 aeernam
1276 2348 1549 2393 relinquentur.
1590 2349 1632 2383 Et
1666 2347 1772 2390 ideo,
1795 2349 1836 2382 ut

1062 2395 1197 2431 dicitur
1222 2395 1259 2430 in
1287 2395 1382 2431 Osea
1405 2406 1413 2429 :
1446 2395 1647 2431 Consolatio
1685 2395 1837 2429 abscon-

1026 2457 1027 2474 :
1063 2443 1142 2478 dita
1163 2445 1214 2478 est
1234 2442 1279 2477 ab
1311 2443 1424 2477 ocutis
1446 2443 1547 2483 meis,
1570 2443 1743 2486 quoniam
1761 2443 1838 2486 ipse

1061 2491 1156 2525 inter
1171 2490 1307 2532 fratres
1321 2489 1473 2524 diuidet.
1490 2489 1579 2525 Cum
1596 2499 1683 2534 ergo
1703 2487 1839 2523 dicitur

1063 2537 1162 2582 quod
1183 2536 1228 2571 de
1254 2546 1359 2581 agro,
1381 2539 1417 2571 et
1441 2535 1486 2571 de
1511 2535 1623 2577 mola,
1647 2538 1684 2571 et
1713 2535 1760 2571 de
1788 2535 1837 2569 le-

1062 2591 1134 2627 cto,
1160 2594 1256 2619 unus
1282 2587 1508 2626 assumetur,
1532 2586 1567 2618 et
1598 2582 1694 2618 alter
1720 2580 1837 2618 relin-

1061 2634 1210 2677 quetur,
1226 2641 1300 2666 non
1321 2631 1365 2665 de
1385 2630 1530 2666 duobus
1552 2629 1769 2665 hominibus
1786 2627 1838 2662 di-

1061 2682 1159 2713 ctum
1185 2681 1256 2721 est,
1283 2677 1348 2713 sed
1376 2677 1422 2713 de
1450 2677 1595 2713 duobus
1634 2675 1838 2721 generibus

1060 2724 1313 2762 affectionum.
1337 2725 1410 2760 Nec
1443 2724 1518 2760 alia
1550 2723 1726 2759 videntur
1753 2731 1836 2759 esse

1058 2782 1196 2820 genera
1216 2771 1423 2816 hominum,
1446 2771 1582 2818 quibus
1601 2772 1750 2807 constat
1771 2770 1836 2805 Ec-
