1907 3139
182 165 236 197 176
597 162 804 198 SECUNDAE
842 161 996 196 PARTIS

181 250 198 268 <i
219 233 476 271 Descendente
489 232 601 269 etiam
618 232 775 269 Domino
794 232 838 267 de
856 242 958 267 mon-

179 285 216 319 te
231 282 435 324 olivarum,
451 282 571 317 turbae
595 280 842 322 descendunt,
856 278 957 325 quia,

180 329 377 366 humiliato
401 327 669 364 misericordiae
695 328 869 369 Auctore,
892 336 957 361 ne-

181 388 284 414 eesse
314 380 371 413 est
396 386 472 418 θοε,
491 375 553 421 qui
582 373 839 410 misericordia
859 372 958 408 indi-

180 427 284 472 gent,
306 424 386 469 ejus
409 423 566 469 vestigia
590 420 741 457 imitari.
764 434 781 454 »

232 486 249 508 2
269 472 359 515 Qun)
385 482 578 506 SIGNIFICAT
599 481 667 504 vox
695 470 866 503 HosANNA
880 468 897 503 ⁶?
916 487 962 493 —

185 519 278 555 Cum
311 522 436 554 autem
459 518 579 553 turbae
610 515 803 552 obviantes
830 525 961 561 perve-

184 565 328 602 nissent
346 565 392 602 ad
414 564 615 607 Christum,
637 563 734 598 facta
754 562 824 598 sibi
855 572 962 597 reve-

184 613 319 657 rentia,
352 614 638 659 praecesserunt,
666 609 748 645 aliis
772 608 962 653 sequenti-

186 661 256 696 bus
284 660 428 707 ipsum;
457 665 493 694 et
524 657 575 693 sic
611 663 691 693 erat
727 656 893 693 Christus
925 655 963 691 in

187 707 310 744 medio
335 717 478 743 eorum.
500 705 602 741 Unde
621 703 814 750 sequitur:
840 703 966 739 Tarbae

188 759 308 790 autem
330 765 408 800 (111ae
424 753 685 800 praecedebant,
699 755 731 786 et
746 762 825 796 quae
844 761 966 796 seque·

188 803 320 837 bantur
341 801 561 837 clamabant.
585 800 741 834 dicentes
763 811 773 833 :
794 800 966 833 Hosanna

188 851 264 895 filio
281 849 412 889 David,
429 847 525 893 quod
539 849 595 882 est
615 857 682 881 vox
703 844 966 881 exsultantium

187 896 329 943 pariter
347 900 384 931 et
406 894 653 936 laudantium,
675 892 732 928 vel
765 893 965 928 obsecran-

191 943 296 986 tium,
317 942 436 987 magis
456 942 628 977 affectum
652 939 835 981 indicans,
855 949 966 984 quam

189 990 351 1036 aliquam
374 999 453 1024 rem
479 987 711 1033 significans,
741 986 834 1022 sicut
857 988 968 1021 racha

192 1035 400 1082 interjectio
434 1034 663 1080 indignantis
691 1033 839 1075 dicitur,
877 1032 968 1068 nihil

190 1094 364 1130 expresse
385 1082 601 1125 designans.
624 1080 740 1122 Unde,
762 1080 968 1115 secundum

191 1142 334 1173 vocem,
360 1140 479 1175 neque
500 1129 664 1170 (Ji-incus,
678 1138 798 1173 neque
820 1126 969 1162 Latinus

193 1177 430 1224 interpretari
469 1176 613 1222 potuit,
651 1174 730 1218 sed,
764 1174 969 1209 secundum

193 1236 356 1262 sensum„
375 1224 670 1269 interpretantur
687 1221 838 1267 quidem
861 1222 970 1255 saliti-

192 1276 274 1319 βαι,
292 1272 362 1315 vel,
378 1273 519 1307 salvum
537 1281 591 1304 me
610 1271 683 1312 fae.
707 1270 749 1303 Et
768 1271 823 1303 est
844 1269 971 1303 hosan-

192 1332 239 1356 na
260 1320 414 1355 vcrbum
438 1319 649 1360 Helii-mum,
671 1327 713 1351 ex
741 1319 915 1360 corrupto
936 1318 970 1350 et

196 1367 342 1412 integro
385 1364 646 1410 compositum.
688 1362 829 1398 DIcitnr
873 1361 971 1397 enim

197 1416 378 1457 hosanna,
417 1412 539 1447 littera
579 1413 591 1445 i
625 1411 828 1451 subtracta,
867 1408 971 1454 quasi

199 1463 376 1497 hosianna
396 1473 405 1494 .·
425 1461 504 1494 hosi
524 1468 612 1502 ergo
628 1461 858 1502 corruptum,
878 1466 973 1490 arina

196 1512 252 1545 est
279 1508 487 1552 integrum,
517 1507 594 1540 hosi
620 1507 744 1539 antem
779 1503 877 1548 apud
910 1513 975 1537 eos

198 1556 467 1600 iuterpretatur
486 1553 603 1592 sali-a,
625 1550 681 1586 vel
703 1551 880 1589 salvifica,
903 1549 974 1593 vel,

197 1604 340 1639 salvum
362 1603 443 1643 fam
481 1603 517 1634 et
550 1609 646 1633 anna
683 1600 737 1632 est
766 1596 974 1641 interjectio

198 1646 550 1689 obsecrantiS,sii-nt
565 1645 661 1691 apud
681 1655 749 1679 nos
765 1645 830 1678 hen
852 1643 977 1678 dolen-

201 1697 271 1733 tis:
290 1706 376 1731 nam
399 1695 495 1730 sicut
516 1692 613 1738 apud
634 1702 699 1727 nos
720 1701 741 1726 a
762 1691 908 1726 dolente
926 1689 978 1725 di-

199 1743 296 1779 citur
317 1744 397 1783 heu,
420 1741 472 1775 sic
490 1739 587 1784 apud
606 1738 688 1773 illos
710 1738 756 1773 ab
778 1738 976 1773 obsecran-

202 1797 235 1827 te
252 1790 388 1826 dicitur
405 1799 515 1831 anna,
535 1790 571 1822 et,
586 1786 682 1821 valet
700 1785 796 1830 apud
818 1795 883 1819 nos
902 1786 977 1819 uti-

198 1849 296 1877 nam,
331 1835 429 1882 quod
467 1838 522 1869 cst
557 1832 775 1868 adverbium
808 1831 975 1877 optandi.

203 1887 245 1920 Et
272 1884 354 1920 ideo
374 1885 535 1917 hosanna
560 1884 703 1916 tantum
727 1879 838 1922 valet,
862 1890 978 1924 quain-

203 1936 279 1968 tum
322 1932 463 1966 utinam
493 1929 687 1970 salvemur,
712 1926 783 1969 vel,
823 1926 978 1966 obsecro,

201 1981 318 2015 sabra.
344 1980 398 2021 Ei,
419 1976 506 2022 quia
528 1977 605 2010 liaee
627 1972 835 2019 iiitei=Jecti0
858 1973 895 2008 in
918 1974 981 2008 La-

203 2026 279 2062 tino
303 2037 376 2061 non
403 2024 563 2059 habetur
581 2019 745 2066 eloquio,
767 2020 891 2066 posuit
912 2030 979 2065 pro

204 2085 248 2109 ea
265 2076 392 2108 noster
417 2071 677 2115 Hieronymus,
699 2068 852 2102 obsecro.
878 2067 980 2102 Unde

205 2125 241 2156 et
262 2120 299 2155 in
326 2119 496 2160 Psalmis,
516 2117 575 2152 ubi
595 2118 836 2161 Septuaginta
861 2115 978 2149 Inter-

202 2170 327 2213 pretes
349 2165 620 2201 transtulerunt
641 2173 649 2197 z
672 2162 698 2197 O
724 2163 884 2205 Domine,
906 2162 979 2196 sal-

205 2224 356 2250 vummc
374 2211 497 2255 fac,in
521 2211 676 2245 Hebraeo
699 2208 879 2254 scriptum
899 2211 953 2244 est
971 2219 978 2243 :

205 2262 328 2304 Anna,
353 2259 513 2299 Adonai,
534 2258 724 2299 hosianna,
747 2256 845 2301 quod
866 2259 980 2291 inter-

208 2318 295 2354 pres
329 2310 455 2341 noster
496 2304 740 2348 Hieronymus
767 2302 981 2347 diligentius

205 2353 413 2396 elucidans,
438 2353 488 2387 ita
511 2350 638 2387 Latine
665 2350 857 2385 transtulit
879 2361 887 2384 ε
910 2350 977 2386 Ob«

207 2412 317 2437 secro,
344 2401 506 2436 Domine,
547 2399 664 2439 salva,
698 2398 852 2432 obsecro.
885 2397 983 2432 ldem

210 2458 369 2492 namque
391 2446 526 2491 signat,
546 2456 577 2482 o.
600 2446 760 2485 Domine,
778 2454 844 2489 per
864 2443 983 2489 ipsam

210 2493 511 2540 interjectionim
544 2490 829 2534 obsecrationis,
871 2491 981 2536 quod,

207 2543 361 2584 obsecro,
393 2541 553 2580 Domine,
587 2548 654 2584 per
681 2537 801 2582 ipsum
828 2538 981 2573 verbum

207 2586 491 2626 obsecrationis.
507 2587 569 2620 Est
581 2595 670 2629 ergo
687 2586 862 2629 hosanna,
877 2584 981 2629 quasi

207 2638 399 2677 hosianna,
421 2633 457 2668 id
479 2636 533 2668 est
554 2633 671 2673 salva,
694 2632 835 2666 obsecro
852 2643 860 2673 ;
878 2635 913 2666 et
927 2634 983 2666 est

206 2694 280 2720 una
316 2681 443 2724 dictio,
466 2679 522 2714 v‹·l
551 2679 633 2714 duze
670 2688 737 2723 per
758 2677 980 2713 subtractio-

204 2741 290 2767 nem
314 2728 423 2765 unius
447 2726 594 2764 litterae.
618 2728 652 2761 et
674 2724 860 2770 significat
882 2725 981 2771 quod

207 2778 391 2814 adventus
409 2773 540 2811 Christi
563 2772 661 2808 salus
683 2772 729 2807 sit
750 2771 902 2815 mundi3
921 2772 979 2808 cui

1035 160 1171 194 CAPUT
1207 158 1339 193 XXVII

1035 229 1136 266 enim
1159 230 1277 273 salua,
1294 228 1370 265 sive
1386 228 1564 274 salvifica,
1581 228 1811 279 clamabant,

1034 277 1161 323 utique
1185 278 1417 314 Salvatorem
1435 276 1650 312 credebant.

1080 328 1100 361 5
1124 326 1228 369 Qum,
1246 335 1460 360 BENEDICTUS
1489 324 1565 358 Rex
1586 323 1743 358 Ismeni>
1762 342 1808 349 —-

1034 372 1137 408 Unde
1155 376 1192 408 et
1214 371 1467 408 convertendo
1490 368 1809 406 sermoneminter

1036 430 1089 463 se,
1107 419 1354 465 subjungunt,
1368 417 1535 454 dieentes
1551 429 1559 453 :
1579 417 1808 458 Benedictus,

1038 466 1075 502 id
1102 472 1159 502 est
1186 465 1372 512 gloriosus
1405 464 1466 509 sit,
1496 464 1569 508 vel,
1605 463 1812 500 seeundum

1037 515 1185 557 Bedam,
1215 513 1435 553 benedicta-e,
1466 511 1503 547 id
1538 514 1594 547 est
1630 512 1676 547 ab
1709 509 1811 546 omni

1037 565 1189 607 peccato
1212 559 1454 605 singulariter
1475 557 1668 601 immunis,
1691 561 1727 593 et
1748 557 1815 592 im-

1038 618 1172 643 miines
1205 606 1359 650 taciens,
1388 607 1452 651 qui
1470 607 1581 648 venit,
1602 615 1670 651 per
1690 603 1814 640 carnis

1038 653 1348 700 assumptionem,
1375 652 1411 689 id
1429 656 1485 688 est
1506 654 1724 688 incarnatus
1744 654 1812 696 est,

1037 703 1076 737 in
1106 703 1249 736 nomine
1270 702 1427 743 Domini,
1450 699 1590 736 scilicet
1607 699 1644 735 in
1662 697 1814 735 nomine

1040 748 1160 784 Patris
1184 751 1221 783 et
1241 758 1262 783 a
1289 749 1364 783 Deo
1393 749 1503 783 Patre
1524 746 1662 782 missus
1682 746 1729 782 ad
1752 756 1813 782 ex-

1040 796 1215 842 plendum
1238 796 1318 841 ejus
1338 795 1581 836 voluntatem,
1606 797 1643 830 et
1664 794 1712 830 ad
1735 793 1818 840 glo-

1042 842 1266 878 risicandum
1289 852 1388 885 eum,
1417 840 1505 887 quia
1531 840 1646 876 Filius
1677 851 1753 876 non
1781 840 1820 875 in

1042 890 1193 926 nomine
1233 900 1315 933 su0‚
1347 889 1411 925 sed
1436 888 1473 924 in
1514 888 1668 924 nomine
1697 886 1819 923 Patris

1042 938 1156 980 venit,
1180 947 1265 972 enm
1286 935 1547 982 glorificando,
1575 940 1612 971 et
1636 937 1673 970 in
1694 933 1818 970 omni-

1043 986 1111 1020 bus
1142 983 1320 1030 operibus
1344 994 1418 1019 non
1452 993 1573 1027 suam,
1604 982 1670 1018 sed
1696 980 1818 1018 Patris

1043 1032 1201 1076 gloriam
1223 1030 1449 1076 quaerendo;
1473 1030 1572 1065 unde
1588 1028 1678 1066 alibi
1699 1040 1707 1064 t
1727 1031 1817 1073 Eoo,

1043 1078 1175 1124 inquit,
1197 1080 1278 1112 veni
1305 1080 1343 1112 in
1372 1079 1514 1112 nomine
1532 1079 1667 1112 Patris.
1688 1078 1728 1111 In
1748 1077 1819 1111 hoo

1043 1137 1131 1171 ergo
1145 1126 1370 1161 confitentur
1384 1129 1419 1160 et
1431 1124 1584 1160 laudant
1597 1122 1742 1160 Domini
1757 1123 1818 1159 ad-

1044 1176 1193 1208 ventum
1221 1183 1228 1207 :
1253 1170 1462 1207 benedictio
1484 1182 1644 1217 namque
1672 1181 1754 1217 quae
1777 1170 1820 1205 fit

1044 1231 1065 1255 a
1094 1219 1200 1255 nobis
1222 1219 1259 1254 in
1287 1220 1361 1254 Deo
1383 1218 1565 1254 consessio
1593 1218 1672 1253 sola
1692 1221 1763 1261 est,
1784 1220 1823 1253 et

1048 1265 1210 1302 laudatio
1231 1267 1431 1305 bonorum,
1449 1276 1531 1310 qua}
1551 1264 1721 1311 praestita
1736 1267 1823 1300 sunt

1046 1315 1091 1350 ab
1113 1324 1177 1356 eo;
1200 1312 1410 1349 benedictio
1428 1323 1515 1348 vero
1531 1322 1613 1358 quae
1636 1312 1707 1347 t‘ita
1729 1313 1819 1355 Deo,

1048 1361 1083 1396 iii
1108 1360 1215 1395 nobis
1249 1359 1435 1403 impletur.
1461 1359 1549 1395 dum
1577 1359 1657 1405 ejus
1676 1359 1819 1395 henefi-

1047 1407 1113 1443 ciis
1149 1407 1360 1453 implemur.
1398 1405 1465 1442 Ubi
1494 1406 1689 1442 sciendum
1722 1405 1820 1451 quod

1049 1453 1282 1496 benedicere,
1306 1456 1362 1488 est
1382 1454 1521 1489 bonum
1546 1453 1683 1489 dicere.
1705 1453 1821 1489 Aliter

1049 1505 1173 1537 autem
1207 1502 1303 1535 Deus
1328 1500 1514 1535 benedicit
1541 1501 1671 1544 nob1s;
1697 1503 1734 1536 et
1753 1499 1821 1536 ali-

1050 1553 1105 1584 ter
1127 1558 1193 1583 nos
1214 1546 1468 1583 benedicimus
1490 1549 1576 1582 Deo.
1602 1549 1698 1583 Deus
1722 1547 1821 1583 enim

1052 1594 1306 1631 benedicendo
1322 1593 1443 1637 nobis,
1463 1594 1691 1630 beneficium
1714 1593 1822 1630 nobis

1051 1641 1246 1688 impendit,
1286 1644 1319 1677 et
1347 1643 1465 1676 bonos
1493 1652 1559 1677 nos
1595 1641 1696 1679 tacit.
1734 1651 1821 1677 nam

1051 1699 1158 1725 snum
1182 1688 1320 1732 dicere,
1346 1691 1402 1723 θεῖ
1428 1688 1508 1734 ejus
1531 1689 1666 1731 facere,
1696 1688 1785 1735 quia
1810 1699 1819 1723 :

1052 1739 1130 1782 lpse
1156 1736 1255 1770 dimit
1289 1739 1322 1770 et
1343 1737 1445 1778 facta
1469 1739 1566 1771 sunt.
1598 1737 1672 1771 Nos
1698 1739 1823 1772 autem

1054 1782 1308 1818 benedicendo
1342 1784 1431 1825 beo,
1469 1793 1542 1818 non
1573 1793 1656 1818 eum
1685 1783 1824 1819 bonum

1054 1830 1221 1874 facimus,
1245 1829 1310 1865 sed
1335 1829 1592 1865 tautummodo
1614 1831 1695 1876 ers
1715 1829 1825 1866 boni-

1054 1881 1166 1912 tatem
1179 1877 1402 1912 confitemur
1414 1880 1449 1912 et
1463 1876 1659 1912 laudamus
1673 1889 1681 1921 ;
1701 1877 1825 1913 dicere

1054 1924 1153 1959 enim
1177 1923 1351 1966 hominis,
1378 1934 1451 1958 non
1475 1927 1532 1959 est
1558 1935 1664 1960 suum
1691 1925 1826 1968 facere,

1054 1971 1118 2007 sed
1149 1975 1293 2006 tantum
1321 1970 1441 2006 fateri.
1478 1972 1519 2006 Et
1550 1971 1725 2008 addunt:
1752 1973 1828 2008 Reae

1053 2020 1180 2062 Israel,
1204 2017 1240 2053 in
1259 2028 1331 2063 quo
1352 2018 1578 2053 confitentur
1597 2019 1677 2063 ejus
1699 2021 1827 2064 poten-

1055 2065 1158 2109 tiam,
1192 2071 1318 2100 tamen
1350 2063 1545 2108 diminute,
1578 2065 1665 2110 quia
1700 2066 1830 2102 crede-

1055 2113 1144 2148 bant
1164 2111 1285 2158 ipsum
1302 2115 1542 2156 regnaturum
1559 2112 1829 2158 temporaliter,

1054 2163 1091 2195 et
1129 2159 1373 2195 liberaturum
1401 2169 1465 2194 eos
1501 2169 1523 2194 a
1556 2159 1722 2208 tributo,
1750 2159 1828 2206 ipse

1053 2209 1176 2243 autem
1204 2205 1306 2242 venit
1329 2206 1374 2241 ad
1395 2206 1629 2252 regnandum
1651 2206 1826 2253 spiritua-

1053 2254 1151 2297 liter,
1174 2256 1210 2289 et
1229 2253 1276 2289 ad
1310 2252 1547 2289 liberandum
1568 2257 1685 2290 totum
1705 2264 1826 2300 genus

1054 2302 1258 2336 humanum
1282 2311 1304 2335 a
1326 2300 1489 2342 diabolo,
1519 2301 1617 2346 quod
1643 2305 1725 2337 erat
1753 2312 1827 2337 ma-

1050 2348 1109 2394 jus
1138 2347 1215 2384 illo.
1241 2347 1296 2382 Ad
1330 2346 1490 2383 litteram
1513 2358 1602 2393 ergo
1624 2348 1826 2384 credebant

1055 2395 1153 2440 quod
1175 2394 1337 2429 venisset
1358 2398 1584 2439 regnaturus
1608 2394 1825 2441 temporali-

1055 2446 1111 2477 ter
1129 2451 1240 2487 super
1259 2451 1322 2476 eos
1338 2440 1375 2475 in
1396 2451 1511 2486 regno
1533 2440 1662 2484 David,
1685 2445 1720 2477 et
1740 2442 1824 2478 red-

1055 2493 1249 2534 empturus
1266 2487 1367 2533 ipsos
1396 2498 1418 2523 a
1450 2492 1627 2524 servitute
1645 2490 1826 2525 Romano-

1055 2546 1149 2579 rum,
1170 2538 1206 2570 et
1222 2534 1420 2570 restituere
1442 2545 1599 2580 reguum
1620 2536 1825 2582 temporale

1055 2583 1154 2628 quod
1175 2592 1197 2617 a
1217 2581 1393 2617 Romanis
1418 2586 1746 2628 eratnsurpatum,
1767 2593 1826 2619 cu-

1050 2631 1112 2676 Jus
1139 2628 1367 2664 contrarium
1394 2628 1472 2674 ipse
1501 2629 1590 2664 dixit
1617 2641 1742 2666 coram
1765 2629 1824 2665 Pi-

1054 2679 1128 2713 lato
1162 2687 1170 2711 :
1203 2678 1364 2720 Regnum
1384 2687 1500 2711 meum
1529 2687 1598 2712 non
1619 2680 1670 2713 est
1697 2678 1741 2712 de
1764 2678 1826 2713 hoe

1053 2724 1197 2765 mundo,
1219 2724 1297 2766 sed,
1323 2723 1465 2769 supple,
1482 2723 1527 2759 de
1546 2724 1662 2767 coelo;
1683 2727 1719 2761 et
1741 2723 1824 2760 ideo

1054 2769 1334 2818 applaudebant
1359 2771 1390 2806 ei
1412 2773 1604 2817 tamquam
1625 2782 1693 2807 suo
1717 2770 1823 2817 Regi,
