1907 3139
574 183 624 215 lili
663 182 826 216 TRIBUS
865 183 1132 224 PARABoLIS,
1172 184 1261 218 1⁴:1¹0.
1696 191 1730 222 51

107 263 218 298 quam
243 250 510 288 suavissimum
530 250 701 286 osculum
722 250 878 297 recepit,

105 311 147 336 ex
168 303 254 336 tunc
278 301 415 334 statum
446 297 668 333 mercenarii
700 298 879 344 dedigna-

107 350 190 391 tur;
214 347 293 391 sed,
315 349 355 382 ut
372 345 462 381 dicit
482 346 592 387 Beda,
621 348 727 391 pater
748 357 879 381 occur-

105 404 193 430 rens
214 405 290 429 non
314 396 511 429 contentus
531 394 678 429 minora
696 393 879 429 concede-

105 451 159 485 re,
198 444 359 487 utroque
415 441 535 486 gradu
575 440 655 476 sine
697 440 880 477 dilatione

105 490 337 533 transcurso,
371 488 540 535 pristinae
574 487 741 524 tiliorum
774 488 880 524 resti-

106 535 176 572 tuit
192 535 389 582 diguitati3
426 547 495 572 nec
525 537 605 582 J'am
631 536 677 572 de
708 536 881 572 mercede

106 583 369 628 conductoris,
394 584 459 620 sed
484 584 528 620 de
557 583 768 620 hereditate
795 583 882 620 feeit

105 631 270 679 cogitare
290 631 470 678 parentis.

158 684 197 724 14
210 681 299 724 Quin
315 692 351 716 m
362 691 471 716 seusu
482 691 629 715 ursrico
639 691 749 715 STOLA
760 691 881 725 PRIMA,

103 740 283 772 ANNuLus,
309 739 562 764 CALCEAMENTA
585 739 627 763 ET
654 739 804 764 virinus
827 740 883 763 SA-

105 788 255 812 GiNATus
273 776 290 812 ἱ)
316 796 361 803 -
389 777 495 811 Dioeit
515 778 635 810 autem
669 778 789 821 pater,
813 776 882 811 sci-

104 823 192 859 licet
220 825 330 868 Deus,
367 824 416 858 ad
452 833 571 858 servos
609 833 704 864 suos,
743 823 780 858 id
825 825 882 859 est

102 872 303 917 Apostolos
319 876 355 907 et
374 869 550 906 Ecclesiae
567 869 775 915 ministros,
795 870 880 916 qui-

104 919 176 955 bus
203 918 372 955 Christus
392 917 571 964 praecepit
599 916 762 964 benigne
782 917 880 953 reci-

103 976 194 1012 pere
212 966 437 1013 poenitentes
456 968 493 1001 et
514 965 741 1001 confitentes
758 977 766 1001 :
802 966 879 1002 Cito

99 1015 265 1061 proferte
285 1015 418 1050 stolam
444 1014 619 1059 primam,
647 1012 686 1048 id
721 1016 778 1049 est
804 1012 878 1049 cito

104 1062 372 1108 proferendam
412 1064 449 1097 et
487 1059 763 1096 restituendam
790 1071 879 1097 vere

103 1108 374 1155 pcenitentibus
412 1107 673 1144 innocentiam
705 1108 879 1144 nuntiate

104 1161 142 1193 et
161 1156 386 1203 promittite;
414 1159 447 1191 et
469 1156 610 1191 induite
625 1157 743 1201 illum,
766 1155 803 1191 id
824 1159 881 1192 est

105 1204 292 1241 ostendite
317 1207 354 1240 et
374 1202 580 1240 certificate
603 1203 708 1239 illum
723 1203 881 1240 induen-

105 1252 196 1288 dum
217 1264 226 1297 ·,
249 1256 281 1288 et
305 1253 389 1288 date
419 1252 610 1295 annulum,
630 1250 668 1286 id
696 1255 754 1287 est
790 1251 879 1288 fidei

106 1300 342 1346 signaculum
367 1299 498 1335 docete
531 1298 699 1334 dandum
730 1301 770 1335 in
801 1310 879 1335 ma-

105 1359 168 1390 nu,
193 1347 231 1383 id
267 1353 322 1383 est
358 1357 472 1393 opere
498 1346 592 1391 ejus,
614 1349 655 1381 ut
674 1356 742 1392 per
764 1357 880 1393 opera

105 1395 200 1431 sides
221 1395 416 1439 clarescat,
447 1397 483 1430 et
518 1404 586 1439 per
613 1394 727 1429 tidem
765 1405 880 1439 opera

105 1442 402 1485 confirmentur·⁷
425 1441 590 1476 annulus
616 1441 718 1476 enim
745 1446 879 1477 roton-

106 1490 284 1534 duacum
297 1501 371 1525 non
386 1490 502 1524 habet
513 1488 740 1534 principium
756 1499 878 1535 neque

105 1537 235 1575 finem,
259 1536 449 1583 significat
474 1535 590 1571 fidem
612 1540 766 1573 aeternae
798 1537 880 1573 Tri-

106 1585 251 1629 nitatis,
288 1596 363 1631 quo
391 1583 516 1620 fidelis
554 1583 681 1620 anima
716 1586 791 1620 Deo
819 1584 881 1620 de-

105 1636 308 1679 sponsatur
339 1644 349 1677 ;
387 1632 488 1668 hunc
530 1632 714 1668 annulum
743 1632 883 1668 dehent

106 1680 271 1716 ministri
291 1679 466 1716 Ecclesiae
487 1678 527 1714 in
556 1690 667 1716 manu
686 1680 790 1724 dare,
814 1680 880 1716 do-

105 1729 224 1764 cendo
248 1728 371 1774 ipsum
408 1727 628 1763 habendum
661 1727 702 1762 in
739 1738 878 1774 opere:

105 1777 211 1812 Fides
232 1778 326 1811 enim
346 1777 424 1811 sine
458 1775 627 1819 operibus
647 1778 791 1810 mortua
811 1779 878 1822 est,

107 1829 144 1860 et
162 1823 336 1860 similiter
356 1832 451 1868 opus
479 1821 559 1857 sine
588 1821 663 1857 tide
680 1834 757 1858 non
776 1824 880 1858 suffi-

107 1871 178 1916 cit;
197 1874 230 1907 et
251 1872 508 1912 calceamenta,
527 1869 564 1904 id
580 1872 635 1905 est
657 1870 881 1906 Sanctorum

108 1919 291 1963 exempla,
328 1919 366 1952 in
400 1917 509 1962 pedes
531 1917 626 1962 ejus,
672 1917 815 1953 scilicet
840 1917 880 1954 in

106 1967 299 2002 intellectu
314 1968 351 2000 et
371 1965 523 2000 affectu.
537 1965 751 2001 Secundum
769 1966 880 2011 Chry-

105 2018 317 2057 sostmnum,
338 2013 385 2048 ad
407 2022 483 2047 non
505 2013 740 2058 tangendum
755 2015 878 2049 terre-

106 2073 169 2106 na,
192 2066 228 2097 et
254 2061 304 2097 ad
324 2059 594 2104 corrigendum
623 2061 736 2105 viam,
758 2065 799 2096 ut
813 2072 881 2107 per

106 2108 292 2146 lubricum
311 2107 441 2143 mundi
467 2106 573 2144 istius
603 2109 675 2144 iter
712 2108 805 2143 fixus
844 2111 881 2145 et

106 2157 370 2193 immaculatus
390 2155 552 2192 incedat.
572 2158 620 2192 Et
640 2156 811 2191 adducite
830 2158 883 2191 vi-

107 2207 224 2241 tulum
255 2205 480 2248 samnitium,
521 2203 560 2239 id
585 2206 643 2239 est
672 2204 879 2248 Christum,

107 2263 233 2298 quem,
247 2250 453 2287 secundum
467 2250 772 2296 Chrysostomum,
784 2252 881 2287 vitu-

108 2301 185 2337 lum
207 2299 379 2335 nominat
400 2301 554 2343 propter
574 2298 736 2336 hostiam
761 2304 797 2335 et
814 2299 885 2334 im-

108 2348 352 2384 molationem
368 2345 537 2390 corporis
554 2345 786 2383 immaculati
807 2358 884 2391 3sa-

107 2395 259 2443 ginatus
277 2396 403 2430 autem
419 2392 555 2430 dicitur
574 2399 729 2441 propter
746 2395 884 2440 gratia-

108 2454 192 2481 rum
221 2439 493 2489 pinguedinem
529 2445 566 2477 et
589 2441 880 2488 plenitudinem,

108 2490 196 2537 quia
210 2489 358 2536 pinguis
373 2489 409 2522 et
422 2487 570 2532 opimus
583 2488 685 2526 omni
698 2488 883 2535 spirituali

108 2538 245 2573 virtute
285 2537 323 2572 in
349 2538 492 2571 tantum
514 2539 580 2582 est,
622 2540 661 2572 ut
685 2548 750 2582 pro
770 2535 886 2572 totius

110 2585 240 2621 mundi
258 2585 378 2620 salute
387 2582 550 2620 sufficiat
565 2597 572 2629 3
590 2588 623 2621 et
634 2585 799 2628 occidite,
812 2585 884 2619 hoc

110 2636 180 2677 est,
204 2632 407 2668 secundum
438 2632 701 2676 Augustinum,
726 2635 885 2667 mortem

111 2680 191 2726 ejus
208 2678 411 2719 insinuate3
428 2682 514 2715 tunc
530 2679 629 2715 enim
648 2679 781 2724 cuique
793 2677 887 2714 occi-

111 2727 226 2772 ditur,
251 2737 336 2762 cum
363 2726 482 2762 credit
503 2727 680 2763 occisum.
709 2726 775 2762 Hic
795 2736 885 2770 crgo

111 2774 248 2810 vitulus
268 2773 346 2810 filio
369 2773 524 2821 prodigo
543 2773 748 2811 revertenti
768 2774 885 2825 adduj

110 2821 207 2858 citur
232 2824 270 2858 et
307 2820 504 2867 occiditur,
547 2822 699 2868 quando
741 2821 885 2857 Christi

966 251 1094 287 Passio
1114 251 1251 287 Gentili
1270 253 1407 297 populo
1431 259 1467 288 et
1478 255 1631 291 cuilibet
1651 268 1736 303 pec·

965 298 1081 335 (tutori
1124 298 1353 344 praedicatur
1376 312 1385 344 ;
1414 304 1477 335 aut
1515 304 1664 347 quando
1697 303 1737 340 in

966 352 1206 383 sacramento
1222 347 1467 383 Eucharistiae
1484 349 1734 387 ministratur.

967 396 1032 429 Hic
1060 395 1202 430 vitulus
1228 396 1343 430 semel
1370 396 1514 430 occisus
1539 400 1596 432 cst
1622 397 1658 433 in
1680 410 1736 444 re,

964 442 1031 478 sed
1052 441 1243 478 multoties
1263 441 1301 478 in
1323 443 1740 489 sacramentaliroprae-

964 489 1196 533 sentatismffl
1220 490 1388 536 quotidie
1405 501 1493 526 vcro
1524 490 1743 529 immolatur

965 542 1001 573 ct
1030 538 1270 574 credentium
1290 538 1378 579 fide,
1403 540 1439 573 et
1457 538 1743 583 praedicantium

964 585 1242 622 recordatione.
1264 588 1306 621 Et
1324 586 1585 621 manducemus
1606 590 1640 622 et
1658 598 1744 633 epu-

965 635 1094 677 lemur,
1117 632 1205 679 quia
1236 636 1414 679 peccator
1444 644 1532 669 vere
1553 635 1742 679 poenitens

963 681 1011 716 ad
1036 691 1208 717 mensam
1235 680 1373 716 Christi
1396 691 1480 717 cum
1517 681 1601 717 ali1s
1635 682 1742 718 Chri-

963 728 1095 764 stianis
1122 728 1330 773 recipitur;
1351 731 1387 764 et
1405 739 1478 764 nou
1499 730 1621 765 solum
1642 730 1741 767 lilius

962 787 1136 812 reversus
1151 775 1334 821 reficitur,
1354 776 1419 811 sed
1441 776 1554 812 etiam
1576 779 1682 822 pater
1703 780 1740 814 et

961 825 1058 859 servi
1080 824 1173 869 ejus,
1197 823 1286 868 quia
1316 822 1472 859 refectio
1488 823 1555 860 Dei
1580 827 1617 860 ct
1644 825 1738 861 San-

963 875 1108 907 ctorum
1127 875 1181 907 est
1197 871 1299 907 salus
1318 874 1579 917 peccatorum3
1598 876 1636 908 et
1652 871 1738 909 ideo

962 919 1057 955 bene
1088 918 1178 955 dicit
1216 919 1434 964 pluraliter:
1473 919 1741 956 Manducemus

962 970 999 1002 et
1014 966 1223 1013 epulemur.
1241 967 1345 1002 Unde
1357 967 1573 1003 Ambrosius
1588 979 1595 1004 :
1614 980 1631 1001 (i
1645 969 1743 1014 Epu-

962 1014 1104 1050 lantem
1140 1017 1266 1050 autem
1304 1013 1466 1059 inducit,
1519 1025 1605 1050 cum
1652 1014 1742 1051 dicit

962 1063 1162 1109 epulemur,
1185 1069 1227 1099 ut
1245 1063 1464 1098 ostenderet
1479 1063 1660 1108 quoniam
1677 1074 1741 1107 pa-

960 1112 1092 1146 ternus
1111 1112 1167 1145 est
1194 1110 1300 1145 cibus
1328 1109 1429 1146 salus
1450 1113 1592 1154 nostra,
1616 1114 1652 1146 et
1672 1111 1740 1147 Pa—

960 1157 1028 1192 tris
1045 1161 1103 1193 est
1121 1157 1303 1203 gaudium
1334 1161 1552 1193 nostrorum
1585 1158 1743 1194 redem-

961 1206 1012 1241 tio
1031 1208 1286 1250 pcccatorum.
1304 1218 1322 1239 ))
1342 1206 1436 1248 Quia
1457 1206 1515 1240 hic
1525 1206 1626 1250 filius
1640 1217 1739 1243 meus

960 1256 1125 1288 mortuus
1149 1256 1240 1297 erut,
1257 1251 1503 1297 spiritualiter
1523 1252 1742 1299 perinfide-

960 1301 1105 1336 litatem
1123 1304 1160 1336 et
1176 1303 1295 1335 morte
1311 1301 1442 1345 culpae,
1464 1303 1497 1335 et
1517 1303 1655 1337 revioeit
1677 1312 1744 1347 per

960 1348 1074 1384 fidem
1100 1351 1135 1383 et
1158 1347 1271 1383 vitam
1291 1347 1441 1392 gloriae3
1483 1348 1556 1391 vel,
1577 1353 1741 1385 mortuus

961 1400 1053 1440 erat,
1079 1406 1144 1441 per
1166 1394 1447 1441 separationem
1468 1405 1490 1431 a
1524 1397 1615 1437 Deo,
1644 1399 1740 1433 tam-

961 1454 1075 1489 quam
1096 1453 1118 1478 a
1139 1443 1263 1487 Patre,
1287 1446 1319 1479 et
1344 1444 1495 1487 reuioeit,
1515 1445 1741 1481 revertendo

962 1491 1009 1527 ad
1029 1492 1147 1526 Deum
1168 1494 1362 1536 tamquam
1381 1491 1427 1526 ad
1448 1491 1599 1527 Patrem
1616 1502 1738 1537 suum,

963 1538 1062 1584 quia,
1105 1539 1315 1574 secundum
1351 1539 1619 1582 Au9ustinum,
1652 1551 1741 1576 vera

962 1597 1076 1631 mors,
1119 1596 1233 1632 quam
1263 1585 1435 1621 homines
1475 1597 1553 1622 non
1590 1586 1739 1632 timent,

963 1637 1020 1670 est
1041 1634 1229 1679 separatio
1250 1634 1387 1669 animae
1408 1643 1430 1668 a
1460 1634 1551 1678 Deo,
1589 1635 1654 1680 qui
1687 1638 1741 1671 est

962 1692 1052 1718 vera
1075 1682 1151 1717 vita
1178 1680 1420 1724 animarum;
1447 1683 1626 1727 perierat,
1663 1684 1740 1719 sci-

963 1729 1051 1765 licet
1075 1728 1287 1764 recedendo
1310 1740 1332 1765 a
1352 1729 1544 1765 consortio
1580 1731 1740 1767 Sancto-

962 1787 1060 1820 rum,
1089 1777 1195 1822 quasi
1218 1787 1241 1812 a
1260 1776 1390 1821 fratre,
1410 1778 1444 1812 et
1465 1779 1637 1814 inventus
1672 1782 1741 1823 est,

963 1825 1051 1869 quia
1076 1824 1189 1859 matri
1222 1825 1397 1860 Ecclesiae
1444 1824 1642 1861 restitutus
1675 1837 1743 1872 per

962 1872 1195 1915 Baptismum
1209 1899 1219 1912 ‚
1242 1871 1301 1907 vel
1314 1872 1592 1917 poenitentiam.
1611 1874 1655 1908 Et
1671 1884 1744 1909 no-

962 1921 1000 1954 ta
1020 1918 1081 1954 hic
1108 1919 1209 1954 circa
1232 1919 1487 1964 receptionem
1521 1920 1741 1966 peccatoris,

963 1966 1063 2011 quod
1082 1966 1194 2001 Pater
1213 1966 1259 2001 de
1280 1965 1385 2002 coelis
1402 1966 1536 2012 recipit
1552 1968 1742 2013 poeniten-

961 2016 1039 2049 tem
1059 2012 1263 2057 velociter3
1288 2014 1388 2059 quod
1412 2017 1567 2050 notatur
1584 2025 1668 2051 cum
1689 2015 1742 2052 di-

963 2062 1073 2096 citur:
1093 2062 1141 2096 Et
1165 2072 1370 2100 accurrens,
1389 2061 1477 2107 quia
1495 2063 1593 2098 Deus
1602 2074 1742 2109 pronus

963 2112 1015 2144 est
1045 2108 1093 2143 ad
1112 2109 1370 2153 miserendum,
1384 2112 1420 2144 et
1445 2110 1576 2146 tardus
1603 2111 1650 2147 ad
1672 2121 1742 2156 pu-

962 2155 1156 2199 niendum,
1181 2156 1284 2202 cujus
1318 2159 1454 2193 natura
1475 2160 1511 2193 et
1532 2158 1742 2204 proprietas

964 2207 1021 2240 est
1034 2205 1198 2239 misereri
1214 2214 1354 2250 semper
1373 2207 1406 2240 et
1420 2216 1589 2251 parcere;
1612 2216 1743 2242 secun-

963 2251 1024 2297 do,
1036 2250 1169 2296 recipit
1181 2251 1352 2293 dulciter,
1364 2252 1647 2289 reconciliando
1658 2264 1743 2289 eum

964 2309 1031 2344 per
1048 2298 1209 2344 gratiam
1229 2298 1313 2343 sibi,
1330 2298 1415 2335 ideo
1429 2299 1583 2338 dicitur:
1606 2301 1745 2337 Cecidit

964 2356 1073 2392 super
1103 2347 1234 2382 collum
1254 2347 1357 2392 ejus:
1390 2346 1502 2383 tertio
1523 2348 1656 2394 recipit
1677 2349 1746 2384 ho-

965 2392 1201 2438 norabiliter,
1220 2394 1304 2430 ideo
1320 2393 1457 2430 dicitur
1472 2409 1479 2431 :
1497 2396 1662 2439 Proferte
1672 2399 1746 2432 sto-

967 2442 1039 2476 lam
1053 2443 1229 2487 primam,
1250 2444 1284 2477 et
1305 2442 1449 2477 induite
1480 2443 1600 2487 illum,
1636 2443 1671 2479 id
1696 2447 1751 2479 est

965 2487 1154 2524 restituite
1186 2489 1447 2526 innocentiam
1475 2499 1588 2535 quam
1608 2490 1648 2526 in
1674 2492 1747 2527 Ba-

966 2535 1101 2581 ptismo
1134 2536 1324 2581 induerat,
1347 2537 1413 2572 sed
1447 2547 1515 2583 per
1550 2542 1746 2584 peccatum

965 2583 1184 2629 perdiderat
1202 2595 1210 2628 ;
1246 2586 1282 2619 et
1313 2584 1398 2619 date
1417 2585 1594 2620 annulum
1615 2587 1654 2621 in
1675 2596 1749 2620 ma-

966 2641 1016 2665 nu
1032 2630 1123 2675 eJ‘us,
1146 2630 1184 2666 id
1206 2634 1262 2666 est
1282 2631 1443 2676 gratiam
1465 2632 1561 2667 hene
1583 2643 1744 2678 operan-

968 2678 1018 2722 di,
1041 2679 1129 2722 quia
1162 2689 1238 2713 non
1271 2678 1411 2714 sufficit
1446 2679 1586 2715 habere
1624 2681 1741 2714 inno-

968 2725 1145 2771 centiam,
1168 2726 1235 2760 nisi
1257 2726 1351 2761 fiant
1381 2737 1496 2771 opera
1520 2727 1631 2771 bona,
1668 2726 1733 2761 sed

968 2773 1057 2818 quia
1082 2774 1120 2809 in
1140 2774 1331 2819 operando
1365 2784 1465 2819 saepe
1486 2775 1645 2810 adversa
1670 2784 1735 2808 oc-

968 2822 1136 2866 currunt,
1177 2820 1262 2856 ideo
1284 2820 1460 2857 subditur·
1481 2832 1490 2858 τ
1530 2823 1579 2858 Et
1598 2821 1741 2858 calcea-
