1907 3139
129 213 190 246 358
594 213 796 248 SECUNDAE
835 213 987 247 PARTIS
1026 212 1163 246 CAPUT
1203 212 1291 246 [ΝΗ

128 284 272 320 amicus
303 288 469 321 vocatur.
495 284 552 330 Et,
575 283 780 319 secundum
804 292 905 317 eum-

129 332 214 367 dem
236 332 460 376 Greqorium,
475 341 613 377 magna
631 328 904 366 estmisericor-

128 378 190 414 dia
218 379 493 425 Redemptoris,
515 382 552 414 et
582 377 744 424 dignitas
783 377 903 412 homi-

125 436 215 461 num
231 436 313 462 esse
328 427 470 462 amicos
488 426 566 461 Dei.
582 424 654 461 Sed
671 422 807 459 audisti
828 423 905 468 glo-

126 472 221 508 riam
249 472 458 519 dignitatis,
494 483 578 508 cum
618 470 756 507 dicitur
787 482 794 504 2
835 472 905 506 Vos

125 521 236 555 amici
254 523 324 555 mei
342 523 427 556 estis
444 532 450 563 ;
477 519 563 555 audi
583 522 619 554 et
640 519 804 553 1.·111016111
831 527 907 552 661-

124 566 291 609 taminis,
304 578 387 603 cum
403 566 592 603 subditur:
607 568 647 601 Sz·
657 565 816 608 feceritis
829 575 907 609 quae

126 624 188 658 690
207 616 379 660 praecipio
403 615 517 649 vobis.
537 612 639 648 Unde
658 612 709 646 ait
729 612 908 654 Augusti-

126 671 215 696 nus:
231 675 247 694 «
265 662 358 696 Cum
367 672 498 697 servus
508 661 626 695 bonus
641 669 724 694 esse
740 668 813 693 non
825 668 908 703 pos-

125 707 185 751 sit,
205 708 275 743 nisi
296 711 483 753 praecepta
502 705 651 742 Domini
674 704 730 741 sui
752 705 904 749 fecerit,

126 754 213 791 hinc
230 755 371 790 amicos
386 765 472 790 suos
484 753 599 788 voluit
616 751 791 797 intelligi,
808 751 906 787 unde

125 801 215 838 honi
239 801 335 838 servi
357 806 509 847 possunt
528 799 693 846 probari.
721 799 748 835 Ο
770 809 907 845 magna

127 848 278 885 bonitas
300 849 389 884 Deil
418 849 507 883 Cum
535 846 568 882 ei
597 857 661 891 pro
689 846 907 882 conditione

131 896 288 931 reddere
322 896 526 931 debeamus
557 895 749 938 obsequia,
781 896 906 937 utpote

133 944 229 978 servi
264 941 433 978 Domino.
461 940 589 977 famuli
625 942 714 984 Deo,
752 938 909 985 subjecti

130 989 288 1036 potenti,
312 989 498 1035 mancipia
530 987 784 1033 Redemptori,
813 986 908 1023 ami-

136 1036 305 1072 citiarum
318 1035 424 1072 nobis
436 1035 594 1082 p'raemia
613 1034 813 1080 promittit,
830 1037 869 1070 ut
889 1044 911 1069 a

135 1083 241 1119 nobis
271 1082 452 1129 obsequia
481 1081 609 1119 debita
638 1081 826 1117 servitutis
847 1091 909 1116 ex-

130 1133 326 1176 torqueat3
352 1134 391 1165 ut
409 1140 502 1176 quos
530 1129 629 1164 nolle
651 1129 791 1164 servire
817 1138 907 1163 con-

130 1177 251 1223 spicit,
282 1180 414 1223 sponte
449 1186 604 1212 suorum
640 1176 910 1212 beneficiorum

131 1225 249 1270 possit
263 1223 576 1271 promissionibus
590 1223 748 1259 invitare
764 1234 771 1258 :
789 1236 806 1255 11
832 1224 911 1258 haec

131 1273 376 1316 Augustinus.
401 1271 529 1307 Nullus
562 1280 650 1315 ergo
684 1271 764 1305 siue
787 1271 910 1316 operis

130 1318 368 1355 attestatione
388 1318 515 1354 credat
534 1328 572 1353 se
595 1318 711 1353 Deum
731 1317 907 1362 diligere3

134 1366 214 1410 sed,
235 1370 273 1401 ut
309 1365 361 1401 ait
397 1365 606 1409 Gregorius,
635 1364 680 1400 de
700 1363 911 1400 vdilectione

134 1412 348 1451 Conditoris
374 1411 516 1458 lingua,
545 1422 651 1447 inens
681 1414 717 1446 et
750 1410 824 1447 vita
854 1422 911 1446 re-

138 1460 320 1506 quiratur.
339 1461 547 1505 Numquam
563 1463 617 1494 est
637 1457 702 1494 Dei
722 1468 828 1494 amor
843 1458 912 1494 oti-

134 1518 237 1551 osus,
259 1512 438 1553 operatur
464 1505 603 1542 etenim
625 1516 761 1551 magna
782 1507 809 1541 si
833 1509 909 1549 est3

135 1555 166 1591 si
187 1565 275 1590 vero
297 1553 443 1600 operari
464 1553 600 1596 renuit,
625 1563 731 1588 amor
750 1564 824 1587 non
843 1558 911 1588 est.

137 1604 252 1638 Nemo
293 1600 419 1646 itaque
464 1600 575 1636 dehet
615 1600 768 1635 credere
814 1599 912 1645 quod

136 1651 254 1685 Deum
288 1647 431 1693 diligat,
458 1646 521 1693 qui
557 1657 642 1682 eum
672 1656 772 1691 saepe
801 1646 913 1682 corde

137 1707 212 1732 non
233 1694 385 1741 cogitat,
409 1694 470 1740 qui
498 1704 583 1730 eum
615 1704 713 1739 saepe
741 1704 805 1729 ore
837 1704 913 1729 non

138 1743 278 1787 laudat,
297 1741 359 1787 qui
386 1742 465 1787 ejus
496 1741 672 1776 mandata
700 1751 813 1786 opere
840 1751 914 1776 non

137 1792 272 1826 servat.
292 1789 395 1824 Unde
410 1788 509 1824 idem
525 1789 719 1832 Greqorms
740 1799 748 1823 ε
772 1804 787 1818 «
811 1787 845 1823 Si
869 1788 915 1824 ab

135 1837 261 1884 aliquo
289 1839 492 1881 quaeretur,
516 1838 641 1870 utrum
666 1836 783 1870 Deum
798 1838 913 1879 amat,

137 1885 268 1927 libere,
292 1882 495 1929 respondet
524 1894 531 1918 z
562 1883 633 1925 1ta;
664 1883 729 1918 sed
754 1885 912 1925 constat,

138 1935 176 1967 01
197 1931 275 1977 11156
302 1929 404 1974 dicit,
424 1930 524 1975 quod
551 1928 724 1975 probatio
746 1929 914 1965 (11166110-

139 1978 212 2022 nis,
238 1976 415 2013 exhibitio
442 1980 497 2012 est
534 1978 671 2022 operis.
694 1989 710 2009 »
734 1978 845 2022 Ergo,
885 1975 915 2012 si

142 2036 227 2061 vere
249 2026 365 2060 Deum
392 2023 531 2070 diligis,
559 2024 802 2069 quaerendum
818 2028 874 2059 est
896 2034 917 2058 a

143 2073 271 2116 corde,
291 2073 337 2107 ab
359 2082 438 2115 ore,
461 2075 495 2106 et
513 2070 559 2107 ab
578 2081 704 2116 opere.
725 2091 770 2097 —
788 2069 916 2106 Primo

144 2119 313 2165 requiras
325 2129 347 2154 a
360 2119 561 2159 cordetuo,
577 2118 664 2163 quia
682 2117 781 2163 quod
802 2120 917 2162 amat,

145 2169 189 2202 ile
199 2177 242 2202 eo
251 2176 349 2212 saepe
365 2166 503 2211 cogitat
519 2177 527 2209 ;
546 2166 642 2200 unde
658 2164 836 2200 luxuriosi
852 2175 919 2200 sae-

143 2224 190 2260 pe
205 2213 369 2259 cogitant
385 2213 430 2248 de
445 2211 586 2248 deliciis
599 2211 734 2255 carnis,
750 2211 852 2247 avari
872 2212 918 2247 de

145 2260 296 2303 divitiis,
321 2264 355 2295 et
373 2259 525 2305 superbi
543 2260 586 2294 de
605 2258 832 2303 eminentiis,
853 2258 919 2294 sed

146 2308 214 2342 viri
234 2317 320 2342 vere
335 2306 548 2352 spirituales
569 2306 614 2342 de
635 2305 780 2341 divinis.
805 2305 841 2342 Si
864 2316 918 2341 er-

148 2365 194 2400 go
218 2365 292 2389 non
312 2355 465 2400 smpeile
483 2355 558 2389 Deo
577 2352 821 2398 cogitas,non
843 2363 919 2388 cre-

147 2403 212 2437 das
232 2404 268 2436 te
290 2411 376 2436 vere
396 2411 524 2436 amare
550 2410 649 2436 eum.
672 2401 761 2435 Item
785 2401 920 2443 omnis,

143 2450 259 2484 horno
294 2447 454 2483 maxime
489 2447 535 2483 de
569 2457 613 2482 60
644 2446 794 2492 cogitat,
822 2447 921 2492 quod

146 2506 224 2542 prae
246 2494 381 2530 ceteris
401 2497 521 2537 amat3
543 2504 645 2540 ergo,
669 2504 696 2529 si
717 2493 762 2529 de
781 2494 921 2529 mundo

150 2542 266 2588 magis
285 2551 395 2587 quam
415 2543 459 2576 de
479 2543 553 2577 Deo
573 2542 727 2586 cogitas,
744 2543 923 2577 mundum

150 2590 268 2636 magis
286 2598 397 2634 quam
414 2589 528 2623 Deum
545 2598 662 2623 amas.
677 2609 721 2614 —
736 2588 921 2631 Secundo,

152 2639 182 2673 51
198 2638 313 2672 Deum
328 2634 467 2681 diligis,
478 2645 500 2670 a
513 2636 640 2680 lingua
654 2638 716 2670 tua
731 2634 920 2680 requiras3

153 2683 240 2730 quia
257 2682 346 2718 dixit
362 2693 370 2717 :
387 2684 444 2718 Eo:
453 2683 681 2717 abundantia
695 2684 788 2717 enim
805 2683 923 2717 cordis

154 2742 191 2767 os
204 2732 379 2776 loquitur.
392 2730 484 2765 Nam
499 2729 597 2764 idem
613 2732 668 2763 cst
679 2730 833 2764 verbum
847 2739 927 2764 601·-

155 2778 212 2814 (115
238 2781 273 2813 61
295 2776 385 2820 0115,
408 2776 473 2812 sed
495 2776 531 2811 in
553 2776 666 2811 corde
687 2779 743 2811 est
769 2776 923 2820 nudum,

154 2826 193 2861 in
212 2834 276 2860 orc
293 2824 482 2868 vestitum,
510 2822 640 2869 lingua
659 2833 748 2868 ergo
764 2822 925 2858 libenter

978 280 1082 317 illum
1122 281 1308 326 nominat,
1333 292 1446 328 quem
1480 292 1544 318 cor
1576 285 1695 326 amat3
1718 284 1755 319 et

979 328 1076 372 ideo,
1095 328 1124 364 si
1143 329 1223 373 plus
1240 329 1287 365 de
1308 330 1461 372 mundo,
1479 340 1592 375 quam
1611 330 1656 365 de
1678 331 1755 366 Deo

979 376 1091 420 fatur,
1122 376 1239 422 magis
1273 377 1468 421 mundum,
1490 387 1601 422 quam
1638 378 1756 412 Deum

981 422 1136 467 diligere
1174 424 1419 460 convincitur.
1448 444 1492 450 —
1528 423 1666 465 Tertio,
1707 434 1757 459 an

980 471 1099 505 Deum
1121 470 1268 516 diligas,
1284 470 1331 506 ab
1350 481 1462 516 opere
1482 475 1547 507 100
1569 470 1756 516 requiras,

982 528 1057 552 non
1096 518 1195 553 6111111
1233 520 1353 562 potest
1378 517 1474 562 ignis
1501 529 1593 562 esse,
1620 522 1656 554 et
1682 528 1758 553 non

982 564 1128 600 ardere.
1159 564 1194 600 Si
1216 574 1305 609 ergo
1328 564 1423 609 ignis
1455 563 1604 600 divinus
1632 569 1688 601 est
1716 563 1758 600 in

982 613 1094 646 corde
1125 615 1202 655 tuo,
1222 621 1296 646 non
1326 609 1467 656 poteris
1497 621 1628 647 vacare
1657 612 1755 654 otio;

985 658 1050 693 sed
1081 657 1111 693 si
1132 656 1207 693 otio
1230 667 1351 701 vacas,
1382 657 1510 703 ignem
1531 668 1606 693 non
1625 659 1757 702 habes,

983 703 1086 750 quia,
1108 708 1146 740 ut
1179 705 1356 749 scriptum
1386 708 1442 740 est
1469 715 1477 740 z
1507 704 1648 741 Caritas
1681 715 1759 741 non

983 754 1040 788 est
1066 754 1200 795 otiosa,
1221 755 1399 797 operatur
1425 750 1538 795 enim,
1561 751 1591 787 si
1628 758 1703 797 651;
1728 752 1759 788 51

984 798 1132 845 operari
1170 798 1305 841 renuit,
1333 797 1470 834 caritas
1504 810 1579 834 non
1617 803 1684 836 est.
1705 799 1761 834 Ad

983 847 1055 881 hoc
1080 856 1169 893 ergo
1197 844 1297 891 quod
1323 845 1456 890 aliquis
1483 847 1669 883 Christum
1697 856 1760 882 ve-

984 892 1121 928 raciter
1153 893 1296 939 diligat,
1326 903 1480 929 necesse
1511 897 1581 937 est,
1613 897 1651 928 ut
1684 894 1760 929 Deo

985 940 1147 976 amando
1166 940 1258 975 nihil
1276 942 1484 985 praeponat,
1497 943 1533 976 et
1547 939 1760 986 proximum

985 997 1093 1023 suum
1113 987 1207 1023 sicut
1227 997 1267 1022 se
1288 985 1432 1032 diligat,
1458 997 1501 1023 ac
1519 988 1761 1023 dilectionem

987 1034 1112 1078 corde,
1143 1045 1222 1078 016,
1261 1037 1297 1069 61
1333 1044 1445 1079 opere
1478 1035 1662 1070 ostendat.
1686 1035 1762 1070 Hoc

987 1080 1100 1117 etiam
1128 1081 1227 1126 quod
1253 1080 1393 1116 dictum
1426 1084 1481 1117 est
1510 1097 1517 1117 z
1549 1083 1620 1119 Vos
1654 1082 1764 1116 amici

986 1130 1056 1164 mei
1088 1130 1188 1172 estis,
1216 1127 1414 1174 dupliciter
1441 1131 1563 1172 potest
1588 1127 1760 1174 intelligi,

988 1175 1196 1211 secundum
1240 1175 1341 1219 quod
1381 1175 1521 1211 amicus
1567 1174 1764 1221 dupliciter

987 1222 1138 1267 dicitur,
1181 1222 1322 1257 seilicet
1348 1224 1383 1257 et
1410 1222 1474 1267 qui
1495 1226 1608 1260 amat,
1639 1226 1675 1258 et
1700 1222 1761 1268 qui

989 1273 1154 1313 amatum
1173 1272 1210 1305 et
1239 1268 1442 1304 secundum
1464 1273 1665 1315 utrumque
1697 1279 1763 1304 ve-

988 1328 1071 1353 rum
1091 1320 1145 1352 est
1161 1316 1260 1362 quod
1275 1315 1399 1352 subdit
1422 1327 1429 1351 :
1450 1317 1491 1353 Si
1507 1318 1668 1360 feceritis
1686 1326 1765 1361 quae

989 1375 1050 1408 090
1070 1365 1240 1409 praecipio
1267 1363 1380 1405 vobis,
1400 1362 1488 1409 quia
1507 1366 1544 1399 et
1564 1361 1627 1409 qui
1647 1364 1764 1399 Deum

989 1414 1137 1454 amant,
1178 1410 1355 1446 mandata
1397 1411 1477 1456 eJ'us
1514 1414 1684 1454 servant,
1729 1411 1766 1446 et

991 1470 1082 1504 quos
1108 1460 1206 1493 Deus
1237 1461 1350 1499 amat.
1379 1457 1555 1493 mandata
1572 1456 1672 1493 illius
1690 1467 1765 1492 561-

990 1508 1092 1549 vant,
1111 1504 1149 1540 in
1168 1508 1347 1550 quantum
1363 1505 1587 1540 conferendo
1606 1504 1659 1540 eis
1680 1514 1765 1550 gar-

990 1552 1081 1588 tiam
1098 1562 1203 1588 suain
1222 1552 1373 1597 adjuvat
1393 1553 1438 1587 ad
1457 1562 1502 1588 ea
1522 1551 1762 1588 servandum.

991 1600 1082 1642 Sed,
1107 1602 1142 1634 ut
1164 1598 1282 1634 visum
1297 1601 1351 1634 est
1364 1608 1489 1644 supra,
1502 1599 1765 1634 mandatorum

992 1645 1204 1683 observatio
1239 1656 1311 1681 non
1343 1649 1400 1681 est
1422 1645 1559 1681 divinae
1591 1644 1766 1681 amicitiae

992 1704 1120 1737 causa,
1163 1696 1220 1728 ast
1267 1691 1428 1737 signum,
1474 1692 1616 1728 scilicet
1667 1691 1767 1737 quod

992 1743 1089 1777 Deus
1110 1739 1240 1785 diligat
1262 1750 1345 1783 nos,
1368 1743 1404 1774 et
1424 1740 1523 1784 quod
1542 1750 1610 1775 nos
1628 1737 1762 1783 diliga-

993 1798 1077 1823 mus
1098 1797 1195 1823 eum.
1222 1788 1265 1822 Et
1286 1786 1394 1833 plura
1413 1786 1487 1822 alia
1507 1784 1765 1833 hujuscemodi

992 1834 1171 1871 Dominus
1193 1837 1280 1870 tunc
1299 1834 1460 1870 dicebat.

1044 1897 1083 1918 lo
1108 1883 1308 1917 PATIENTIAE
1325 1891 1587 1925 commento,
1608 1891 1651 1916 no
1674 1892 1767 1921 0001)

993 1931 1167 1965 [3111115105
1195 1939 1234 1963 m·
1264 1939 1339 1963 IPSE
1370 1939 1453 1963 01110
1484 1939 1563 1964 Fun*
1593 1939 1768 1964 OBNOXIUS

993 1989 1034 2012 ET
1065 1987 1237 2012 Tiiisrirm
1261 1986 1443 2011 1611101011
1467 1987 1502 2011 IN
1530 1986 1700 2011 6110111011.
1725 1996 1768 2002 —-

994 2025 1146 2067 Quarto,
1177 2024 1275 2058 circa
1310 2032 1522 2058 sermonem
1560 2021 1768 2067 mediteris,

994 2070 1154 2117 qualiter
1173 2069 1295 2105 dando
1310 2068 1364 2105 eis
1384 2069 1650 2105 confidentiam
1670 2069 1770 2106 circa

996 2128 1217 2163 pressuras,
1252 2126 1345 2162 quas
1380 2117 1434 2152 eis
1475 2115 1646 2162 praedixit
1687 2126 1769 2152 esse

995 2168 1185 2207 venturas,
1205 2163 1404 2216 praemunit
1424 2166 1460 2199 et
1481 2164 1651 2199 hortatur
1670 2163 1770 2209 ipsos

995 2211 1042 2247 ad
1063 2211 1297 2258 patientiam,
1319 2221 1364 2246 ne
1383 2209 1558 2246 deficiant
1582 2210 1621 2245 in
1642 2210 1770 2246 tribu.-

995 2256 1213 2302 latioiiibus,
1253 2257 1409 2293 dicens:
1438 2258 1480 2293 Si
1515 2257 1670 2292 mundus
1708 2267 1770 2293 vos

996 2307 1087 2346 odit,
1122 2304 1158 2341 id
1197 2306 1251 2341 est
1290 2302 1469 2340 mundani
1508 2307 1544 2340 61
1582 2306 1771 2340 amatores

998 2351 1218 2398 mundi,qui
1240 2350 1382 2387 deliciis
1404 2354 1438 2386 et
1456 2351 1662 2387 honoribus
1683 2355 1772 2387 sunt

998 2399 1127 2443 dediti,
1150 2401 1288 2443 scitote,
1309 2397 1450 2434 56111661
1467 2398 1515 2434 ad
1541 2398 1768 2434 consolatio—

1000 2457 1086 2483 nem
1104 2449 1281 2490 vestram,
1301 2446 1389 2490 quia
1409 2456 1463 2480 me
1482 2446 1640 2490 priorem
1670 2445 1772 2481 vobis

999 2495 1081 2530 odio
1109 2494 1248 2529 habuit.
1288 2492 1392 2528 Unde
1425 2494 1605 2538 scriptum
1639 2494 1694 2528 est
1733 2491 1771 2528 in

1002 2540 1148 2577 Psalmo
1173 2551 1180 2575 :
1217 2540 1306 2576 Odio
1329 2539 1532 2574 habuerunt
1557 2549 1612 2574 me
1636 2541 1770 2583 gyratis.

1001 2587 1111 2632 Quasi
1137 2586 1291 2631 diceret,
1324 2586 1530 2622 secundum
1559 2586 1770 2631 chrysosto-

1000 2646 1097 2670 mum
1122 2648 1132 2669 x
1158 2633 1239 2670 Scio
1264 2634 1333 2668 hoc
1348 2644 1428 2669 esse
1450 2634 1586 2668 durum
1606 2636 1642 2668 et
1669 2632 1768 2668 diffi-

1001 2682 1085 2726 cile,
1113 2681 1179 2717 scd
1206 2684 1359 2727 propter
1390 2691 1446 2716 me
1484 2678 1699 2725 patiemini;
1734 2682 1771 2715 et

1001 2728 1085 2765 ideo
1101 2738 1176 2764 non
1189 2727 1399 2770 dolere,sed
1413 2730 1450 2762 et
1468 2726 1586 2762 laetari
1608 2729 1769 2772 oportet,

1003 2781 1039 2812 et
1059 2775 1197 2811 sufficit
1212 2774 1316 2810 vobis
1330 2774 1369 2809 in
1382 2774 1673 2810 consolationem
1690 2784 1771 2818 pro-

1001 2826 1085 2871 pter
1106 2832 1166 2858 me
1177 2823 1256 2857 haec
1272 2820 1363 2868 pati.
1385 2821 1544 2857 Grandis
1565 2818 1775 2856 consolatio
