1907 3139
268 161 320 196 DE
360 159 604 196 LOGATIONE
642 157 785 192 VINEAE
823 157 873 191 ET
911 155 1230 191 SANGUINARIIS
1268 154 1579 188 VINITORIBUS.
1680 149 1740 183 217

109 234 266 277 tificum,
292 235 329 268 et
359 230 561 276 maJ'orum,
584 227 625 263 in
656 227 770 272 malo,
798 227 885 273 quia

110 282 305 318 audientes
324 277 533 314 doctrinam
553 275 704 319 Christi,
729 286 803 311 non
824 276 884 311 su-

110 331 220 366 erunt
235 325 403 368 contriti;
424 324 489 360 sed
506 323 626 369 magis
640 333 682 359 ex
701 323 770 358 hac
786 322 884 359 indi-

109 375 229 422 gnati,
243 377 279 409 et
292 373 339 409 ad
354 371 602 408 oeciden=2un1
621 381 707 406 eum
722 369 883 406 incitati.

110 422 216 460 Multi
230 423 315 457 sunt
325 420 421 455 tales
433 417 557 461 hodie,
569 419 630 463 qui
643 417 886 462 indignantur

110 469 258 517 quando
288 467 633 512 reprehenduntur,
662 465 750 511 quia
778 465 887 511 pauci

110 520 198 554 sunt
225 514 288 561 qui
312 514 509 550 veritatem
537 524 615 549 suae
646 513 889 549 correctionis

109 563 227 601 velint
259 562 404 606 audire,
436 561 511 597 imo
545 564 582 597 et
614 564 891 607 persequuntur

113 611 436 656 reprehendentes
459 619 534 646 eos.
558 619 626 654 pro
648 609 811 653 ipsorum
832 619 890 643 sa-

113 660 205 696 lute.
227 658 321 694 Vide
342 657 454 693 etiam
473 655 662 702 quomodo
688 655 891 691 Pontifices

116 709 153 743 et
197 706 361 751 majores
405 704 696 739 retrahebantur
734 714 756 739 a
795 704 892 739 malo

114 756 271 801 propter
286 751 480 798 populum,
498 761 580 786 cum
600 754 723 786 tamen
740 751 893 786 deberet

119 812 201 837 esse
222 811 286 846 per
300 798 542 835 contrarium.
563 799 648 833 Haec
664 798 768 843 plebs
788 796 893 842 quasi

116 848 224 885 asina
244 848 396 883 Balaam
418 845 500 891 fuit,
521 856 605 891 quae
627 845 749 889 ipsum
769 855 896 880 erran-

116 900 194 932 tem
214 894 408 939 corripuit.
425 895 501 929 Hoc
517 892 686 936 quotidie
701 892 844 938 geritur
859 891 897 927 in

118 941 298 987 Ecclesia,
328 951 412 977 cum
442 939 600 985 quilibet
628 940 707 975 solo
745 939 898 975 nomine

119 991 259 1026 fatetur
280 999 363 1024 eam
386 998 497 1034 quam
527 998 603 1023 non
631 986 752 1032 diligit
772 987 898 1022 ecclc-

119 1037 281 1074 siasticae
304 1035 393 1071 fidei
421 1038 457 1071 et
478 1034 581 1081 pacis
603 1034 804 1077 unitatcm;
834 1034 898 1069 sed

120 1083 309 1121 erubescit
320 1083 378 1118 vel
394 1082 500 1118 timet
512 1082 735 1129 impugnare
749 1085 900 1127 propter

120 1134 309 1169 bonorum
330 1129 625 1165 multitudinem.
650 1129 722 1165 Sed
746 1129 832 1165 licet
852 1129 898 1165 ab

120 1178 327 1216 occidendo
352 1179 414 1213 Dei
436 1177 528 1213 Filio
549 1177 596 1213 ad
616 1177 819 1220 modicum,
836 1177 899 1212 do-

122 1237 192 1264 nec
211 1225 358 1262 veniret
373 1225 468 1260 hora
487 1225 566 1271 ejus
583 1225 718 1260 timore
738 1226 900 1259 humano

123 1276 329 1321 potuerunt
340 1272 525 1308 retardari
538 1286 544 1314 ;
560 1282 764 1317 numquam
777 1276 902 1307 tamen

124 1320 253 1357 divino
295 1330 424 1356 amore
470 1319 671 1355 voluerunt
719 1319 899 1355 cohiberi.

126 1368 442 1404 Praetlicationem
460 1366 560 1402 enim
579 1365 713 1403 Christi
733 1370 902 1402 contem-

125 1420 271 1459 nentes,
289 1418 440 1460 propter
452 1413 695 1460 cupiditatem
710 1417 901 1460 tempora-

128 1464 232 1507 lium,
255 1461 567 1507 conspiraverunt
594 1461 633 1496 in
665 1461 782 1505 ipsius
809 1471 905 1496 mor-

127 1515 217 1553 tem,
236 1521 282 1545 ne
303 1509 507 1556 perderent
534 1508 723 1543 civitatem
750 1511 787 1544 et
808 1512 903 1543 16111-

126 1558 247 1604 plum,
267 1556 306 1592 in
336 1567 409 1602 quo
441 1556 591 1602 quidem
613 1556 752 1601 templo
782 1556 905 1591 hauri—

126 1606 243 1642 ebant
271 1603 469 1650 pecuniam
494 1602 635 1649 populi,
655 1605 722 1639 sub
751 1603 906 1638 obtentu

126 1652 246 1689 cultus
257 1650 385 1687 divini.
404 1651 508 1686 Unde
524 1652 741 1686 occiderunt
757 1650 902 1691 Filium,

125 1703 166 1736 ut
187 1700 371 1735 haberent
398 1697 662 1739 hereditatem,
686 1701 723 1733 et
750 1697 905 1743 pacifice

126 1746 365 1794 possiderent
382 1745 564 1791 templum
583 1750 619 1780 et
637 1745 840 1788 civitatem,
860 1755 906 1780 116

127 1792 326 1830 occasione
357 1793 438 1838 ejus
470 1791 629 1827 Romani
661 1791 847 1835 venirent,
870 1794 907 1827 et

127 1841 180 1878 eis
199 1841 323 1876 locum
348 1844 385 1874 et
404 1844 555 1885 gentem
578 1839 792 1882 auferrent3
818 1849 907 1874 con-

129 1887 288 1924 trarium
314 1890 441 1922 tamen
477 1885 529 1921 eis
564 1886 719 1930 accidit,
749 1886 835 1931 quia
870 1885 908 1920 in

130 1934 336 1971 vindictam
358 1932 487 1968 mortis
508 1932 643 1969 Christi
671 1936 706 1968 et
728 1933 849 1968 locum
874 1935 909 1967 et

131 1985 284 2030 gentem
305 1980 564 2027 perdiderunt.
585 1981 653 2015 Ubi
684 1979 737 2015 ait
759 1981 909 2023 Chryso-

130 2033 268 2066 stomus
284 2041 294 2064 .·
310 2043 328 2060 «
344 2027 575 2072 Quandoque
590 2026 705 2073 igitur
721 2027 907 2071 detentus,

131 2087 199 2124 per
210 2075 353 2112 medios
368 2085 431 2111 eos
443 2074 606 2118 transiit,
620 2085 695 2110 non
707 2084 907 2120 apparens,

133 2123 359 2170 quandoque
374 2125 499 2158 autem
517 2132 704 2167 apparens
719 2122 910 2157 dolentem

133 2181 264 2207 eorum
292 2169 634 2215 concupiscentiam
661 2168 818 2212 detinet,
845 2179 911 2214 per

133 2216 383 2254 multitudinis
409 2219 576 2260 metum;
609 2215 648 2251 hi
678 2219 803 2251 autem
837 2226 911 2250 non

132 2264 445 2307 emendabantur,
467 2263 519 2299 ita
538 2263 652 2299 semel
676 2273 738 2298 eos
759 2262 909 2298 dilectio

132 2311 378 2359 principatus,
400 2314 437 2346 et
465 2321 572 2346 vanae
604 2311 734 2356 glorize
761 2310 910 2354 cupido,

133 2360 356 2402 obcaecarat,
376 2358 478 2404 quod
505 2361 752 2404 temporanea
770 2367 910 2402 quaere-

132 2407 236 2441 rentl
271 2405 370 2441 Nihil
409 2406 460 2440 ita
491 2405 670 2440 adversus
703 2404 913 2447 proximum

134 2458 245 2499 caput
276 2451 449 2498 impellit,
469 2457 506 2487 et
531 2451 570 2487 in
600 2451 914 2497 praecipitationes

135 2500 221 2543 sert,
234 2505 270 2535 et
282 2499 374 2534 ninil
393 2499 446 2534 ita
466 2499 553 2534 facit
574 2510 594 2534 a
616 2499 749 2534 tuturis
772 2497 914 2533 6161116-

136 2557 192 2589 re,
215 2546 313 2582 sicut
342 2545 495 2582 affixum
521 2556 604 2581 esse
633 2545 909 2591 temporaneis3

137 2592 232 2629 nihil
270 2593 322 2628 ita
357 2597 393 2629 et
429 2593 681 2639 praesentibus
710 2596 747 2628 et
780 2591 915 2627 futuris

135 2640 302 2686 jucunde
324 2639 376 2674 uti
396 2639 527 2676 tribuit
544 2643 584 2675 ut
600 2640 724 2675 futura
742 2638 916 2674 omnibus

141 2690 384 2732 anteponere.
401 2687 555 2729 Quaerite
576 2686 692 2730 enim,
716 2685 767 2721 ait
788 2687 916 2721 Domi-

144 2735 402 2779 nus‚primum
418 2744 568 2777 reqnum
591 2735 665 2777 Dei,
685 2733 918 2777 etjustitioem

146 2780 241 2827 ejus,
263 2783 298 2816 et
324 2781 395 2817 haec
421 2782 542 2817 omnia
562 2780 785 2827 adjicientur
803 2780 916 2816 vobis.

962 229 1014 263 Ne
1039 225 1168 272 itaque
1193 225 1237 260 de
1266 224 1339 260 tuis
1366 224 1548 260 sollicitus
1581 223 1645 264 sis,
1671 222 1737 258 sed

964 274 1029 311 illa
1050 273 1242 310 committe
1264 274 1353 308 Deo.
1377 274 1467 307 Nam
1486 273 1515 306 si
1538 276 1579 308 tu
1600 269 1738 307 sollici-

965 327 1024 358 tus
1044 333 1096 362 es,
1116 321 1285 356 1111101110
1307 330 1434 363 curas,
1461 320 1555 354 Deus
1576 330 1679 361 vero,
1699 320 1740 353 ut

967 372 1063 406 Deus
1082 367 1267 416 pfovidet.
1288 368 1338 403 Ne
1358 377 1445 413 ergo
1467 366 1512 401 de
1534 366 1587 401 eis
1609 365 1741 401 sollici-

965 421 1025 453 tus
1045 417 1109 458 sis,
1125 414 1388 461 praestantiora
1405 412 1741 456 1·61111ιμ16115,6110-

967 464 1055 511 quin
1079 465 1174 500 Deus
1194 463 1256 498 illa
1277 461 1402 497 minus
1426 460 1591 501 curabit;
1615 463 1652 495 ut
1677 459 1741 495 illa

968 512 1082 558 igitur
1097 511 1298 557 diligenter
1311 512 1429 552 curet,
1445 508 1513 554 ipsi
1531 508 1597 543 soli
1616 506 1744 542 omnia

970 558 1174 596 cammitte.
1195 558 1231 594 Si
1252 557 1366 600 enim,
1385 555 1525 592 relictis
1542 553 1746 600 spirituali-

973 609 1056 650 bus,
1073 607 1138 642 illa
1157 608 1307 646 tractes,
1327 615 1400 640 non
1418 612 1593 649 magnam
1615 611 1747 636 eorum

974 657 1071 691 [16115
1091 656 1195 699 geret
1217 652 1504 698 providentiam.
1524 652 1568 686 Ut
1583 648 1696 694 igitur
1714 652 1751 683 et

972 702 1037 738 tibi
1063 703 1140 737 lnee
1161 704 1261 736 recto
1281 699 1489 745 composita
1509 697 1595 740 sint,
1618 699 1654 732 et
1675 695 1751 731 sol-

974 749 1168 786 licitudine
1190 747 1291 783 omni
1313 746 1498 789 libereris,
1521 746 1622 780 haere
1642 742 1752 788 spiri-

974 797 1152 839 tualibus,
1174 794 1356 831 secularia
1384 794 1554 838 despice3
1580 791 1632 827 sic
1653 790 1752 826 enim

976 850 1012 880 et
1032 848 1171 880 terram
1192 853 1275 878 cum
1295 842 1388 877 coelo
1411 839 1615 883 obtinebis,
1643 841 1680 874 et
1702 838 1755 873 su-

975 895 1059 927 tura
1077 891 1176 926 bona
1192 888 1446 935 consequeris,
1467 888 1589 933 gratia
1603 889 1639 922 et
1652 885 1755 921 beni-

977 938 1121 985 gnitate
1142 936 1292 974 Domini
1311 935 1429 972 nostri
1447 937 1535 972 Jesu
1551 933 1689 971 Christi
1706 944 1714 968 :
1735 945 1752 966 »

976 988 1058 1023 llaec
1079 987 1367 1030 Chrys-oswinus.

1026 1037 1045 1069 5
1069 1035 1321 1069 MoxAcnonun
1342 1044 1383 1067 ET
1410 1041 1629 1067 sncumniuu
1649 1041 1757 1065 111511-

977 1093 1069 1118 'rum
1093 1092 1261 1122 QUANTUM
1283 1091 1493 1115 nirrnnAN'r.
1515 1098 1561 1104 —
1582 1079 1668 1113 Haec
1690 1086 1757 1122 per

981 1130 1272 1173 Chrysostomum
1296 1130 1374 1172 jam
1399 1126 1512 1170 dicta,
1538 1124 1702 1161 maxime
1722 1127 1760 1159 et

980 1177 1167 1222 praecipue
1191 1176 1240 1211 ad
1266 1176 1473 1210 monachos
1505 1175 1690 1219 spectant,
1715 1171 1761 1207 de

981 1234 1141 1270 quorum
1165 1223 1241 1258 vita
1268 1222 1368 1259 idem
1394 1223 1667 1265 chrysostomus
1690 1220 1761 1254 hoc

982 1272 1063 1307 loco
1093 1274 1236 1315 narrat,
1261 1280 1420 1315 eamque
1451 1269 1498 1305 ad
1532 1266 1760 1304 secularium

982 1319 1097 1354 vitam
1113 1321 1318 1363 comparat,
1333 1317 1459 1352 dicens
1483 1328 1491 1352 ι
1520 1330 1532 1348 11
1555 1316 1645 1359 Quae
1664 1314 1762 1349 vide-

982 1370 1043 1402 tur
1066 1366 1118 1402 ita
1144 1376 1304 1401 onerosa
1325 1375 1407 1400 csse
1428 1363 1502 1400 vita
1525 1366 1560 1399 et
1582 1360 1761 1403 difficilis,

984 1424 1084 1457 eam,
1105 1424 1187 1459 quae
1215 1413 1486 1448 monachorum
1519 1413 1587 1448 est.
1609 1410 1691 1445 dico
1727 1412 1763 1444 et

985 1463 1261 1503 crucilixorum,
1285 1461 1443 1495 multum
1469 1460 1537 1494 hac
1559 1468 1643 1502 quae
1665 1456 1766 1491 vide-

984 1512 1044 1544 tur
1062 1519 1144 1543 esse
1166 1507 1264 1543 initis
1282 1511 1319 1543 et
1338 1507 1474 1551 mollis,
1491 1505 1636 1541 dulcior
1651 1507 1708 1539 est
1726 1506 1763 1539 et

986 1555 1255 1592 delet-tibilim.
1286 1557 1445 1590 Tantum
1484 1552 1621 1588 etenim
1668 1551 1766 1586 inter

985 1606 1184 1647 utramque
1199 1601 1312 1638 vitam
1330 1601 1568 1637 intervallum
1585 1602 1766 1645 quantum

986 1650 1084 1686 inter
1122 1653 1270 1695 portum
1304 1654 1339 1685 et
1373 1648 1547 1684 fluctibus
1584 1649 1766 1691 agitatum

987 1699 1154 1744 pelagus.
1200 1698 1250 1732 Ex
1292 1696 1515 1732 habitaculis
1555 1696 1681 1730 statim
1720 1693 1766 1729 ab

988 1747 1155 1783 exordio,
1167 1745 1303 1780 horum
1319 1743 1535 1779 felicitatem
1548 1741 1766 1785 considera3

988 1792 1069 1828 sora
1096 1791 1196 1827 enim
1219 1795 1257 1827 et
1283 1791 1465 1834 caritates,
1487 1786 1534 1826 et⁴
1550 1800 1615 1826 eos
1640 1788 1704 1835 qui
1729 1789 1766 1823 in

989 1839 1112 1874 medio
1125 1842 1210 1874 sunt
1224 1839 1406 1873 tumultus
1434 1837 1618 1881 fugientes
1632 1839 1760 1877 vitam,

990 1896 1072 1932 quae
1092 1890 1145 1921 est
1168 1886 1206 1920 in
1228 1885 1433 1929 montibus,
1453 1885 1660 1930 clegerunt,
1686 1893 1769 1928 quae

990 1932 1083 1968 nibil
1109 1933 1223 1968 habet
1252 1943 1450 1968 commune
1477 1934 1524 1968 ad
1557 1929 1768 1975 piaesentia.

990 1981 1073 2016 Jam
1093 1985 1220 2016 autem
1242 1980 1315 2022 hic,
1336 1990 1418 2025 quae
1440 1979 1487 2015 ad
1509 1978 1690 2014 coelorum
1711 1987 1769 2012 re-

990 2038 1105 2073 gnum
1129 2028 1315 2072 pertinent
1334 2026 1576 2069 meditantur,
1593 2035 1678 2061 cum
1695 2023 1772 2069 qui-

991 2079 1049 2109 ete
1074 2074 1216 2118 multa;
1245 2074 1435 2120 praecipue
1463 2079 1589 2110 autem
1614 2072 1770 2108 Domino

991 2122 1150 2157 haerent.
1174 2122 1272 2168 Opus
1293 2126 1416 2157 autem
1438 2122 1588 2156 illorum
1608 2119 1772 2164 idipsum

992 2172 1061 2211 est,
1085 2169 1185 2214 quod
1216 2169 1335 2204 Adam
1364 2169 1469 2204 initio
1502 2167 1647 2211 habuit,
1669 2170 1772 2203 ante-

992 2226 1106 2261 quam
1127 2219 1315 2263 peccaret,
1336 2216 1488 2262 quando
1514 2216 1636 2261 gloria
1661 2214 1770 2250 indu-

990 2269 1051 2298 tus
1084 2274 1169 2299 cum
1205 2265 1281 2299 Deo
1319 2264 1437 2299 libere
1471 2262 1710 2308 loquebatur,
1736 2264 1772 2297 et

990 2311 1116 2346 locum
1140 2311 1243 2346 ilium
1266 2311 1383 2346 multa
1403 2309 1634 2346 beatitudine
1655 2309 1771 2344 reser-

991 2361 1071 2393 tum
1093 2357 1295 2394 incolebat.
1320 2360 1362 2393 In
1383 2368 1455 2404 quo
1480 2360 1580 2392 6111111
1603 2355 1640 2391 111
1667 2356 1772 2402 pejus

992 2415 1105 2450 quam
1135 2404 1196 2440 1116
1230 2405 1386 2449 degunt,
1409 2415 1494 2441 cum
1529 2407 1616 2439 ante
1646 2402 1775 2439 inobe-

994 2451 1175 2488 dientiam
1205 2452 1348 2498 positus
1373 2457 1430 2488 est
1457 2452 1495 2487 in
1521 2450 1713 2497 paradiso,
1736 2452 1775 2485 ut

996 2501 1241 2540 operaretur?
1261 2500 1370 2535 Nulla
1387 2498 1458 2545 ipsi
1476 2497 1656 2534 secularis
1675 2496 1774 2533 solli-

994 2546 1140 2590 citudo,
1170 2546 1273 2583 nulla
1303 2550 1417 2582 etiam
1449 2545 1642 2582 monachis
1673 2543 1770 2587 illis;

995 2594 1070 2628 Deo
1083 2593 1306 2639 loquebatur
1318 2604 1403 2629 cum
1419 2604 1512 2639 pura
1527 2591 1772 2631 conscientia,

995 2644 1032 2675 et
1063 2641 1100 2675 hi
1125 2640 1311 2684 similiter,
1339 2640 1414 2676 imo
1448 2640 1564 2675 multo
1592 2639 1776 2684 majorem

995 2697 1107 2732 quam
1144 2687 1206 2723 ille
1241 2687 1418 2723 fiduciam
1454 2688 1608 2729 habent,
1645 2688 1775 2730 utpote

995 2734 1130 2779 maj0ri
1164 2735 1330 2770 fruentes
1363 2733 1487 2781 gratia
1522 2732 1693 2779 Spiritus.
1727 2730 1770 2766 Hi

995 2780 1095 2818 orbis
1117 2784 1303 2819 terrarum
1330 2781 1548 2824 luminares,
1572 2781 1772 2825 surgentes
