1907 3139
149 171 209 206 318
643 169 849 204 sEcuxuAE

146 242 185 279 in
204 253 311 279 cruce
333 241 483 278 Domini
504 245 560 277 est
579 240 666 276 finis
684 239 798 285 Legis
814 241 932 283 atque
966 279 967 283 ¹

966 292 967 336 ᾗ
1008 294 1103 320 mus.
1125 282 1307 329 Denique,
1327 282 1356 319 si
1376 282 1422 319 de
1439 280 1626 328 patientia
1644 281 1783 329 agitur,

149 289 367 336 Scripturae,
386 288 425 325 in
449 288 631 325 Passione
662 288 762 333 ejus,
785 295 935 322 summa

152 337 275 373 omnis
287 335 547 383 perfectionis.
558 336 595 372 in
610 340 731 370 morte
743 332 863 380 ipsius
879 333 935 367 est

153 382 427 421 consummatio
451 384 573 419 omnis
608 381 805 418 sermonis,
829 379 935 415 Unde

155 431 370 478 Apostolus,
384 430 491 466 dicit:
509 432 591 468 Νυη
603 429 774 473 judicavi
793 437 847 462 me
867 428 937 461 ali-

153 479 243 524 quid
251 481 343 514 scire
351 480 446 513 inter·
456 488 529 516 vos,
541 478 615 513 nisi
622 478 742 511 Jesum
752 473 936 511 Christum
967 486 968 492 ¹

106 560 116 571 ,
151 529 185 561 et
209 527 301 561 hunc
331 526 558 570 crucifiaeum,
590 533 724 568 nempe
745 521 832 567 quia
864 521 936 556 hoc

153 573 262 617 scire,
276 575 332 608 est
347 571 474 608 omnia
494 571 589 607 scire
608 580 690 616 quae
709 568 756 605 ad
776 568 935 604 salutem
966 581 968 608 ξ

155 622 336 667 spectant.
356 621 462 664 Nam,
495 618 525 654 si
557 617 603 653 de
624 619 845 663 paupertate
867 626 935 651 vo-

156 666 320 704 luntaria
353 666 490 711 agitur,
514 664 597 710 quis
630 673 808 709 umquam
836 673 935 708 pau-

158 715 284 760 perior
306 714 453 750 Christo
470 713 570 748 nudo
588 710 777 757 pendente
793 709 830 745 in
850 720 931 746 cru·
966 724 967 735 2

157 772 213 807 ce,
232 762 322 807 quia
338 771 408 796 000
428 759 592 796 habebat
610 757 673 795 ubi
694 760 806 804 caput
823 767 934 793 suum
965 767 967 787 1

158 808 345 845 reclinet?
369 806 405 844 Si
426 807 470 843 de
490 806 704 842 obedientia
725 808 762 841 et
780 803 932 841 humili-

156 859 235 892 tate
252 855 454 901 loquimur,
480 853 563 899 quis
584 863 763 898 umquam
786 853 822 887 in
841 855 932 887 tan—
964 877 966 902 1

158 907 236 939 1010
254 913 292 938 50
313 901 522 938 humiliavit
541 903 578 937 et
594 898 815 943 exinanivit,
835 900 932 934 sicut
964 905 966 927 f

161 949 346 993 Christus,
359 949 420 995 qui
433 950 554 992 factus
569 950 624 984 est
639 948 806 983 obedieris
819 956 933 991 usque
964 954 966 993 Q

156 997 206 1032 acl
223 1000 386 1039 mortem,
400 999 549 1031 mortem
562 999 681 1030 autem
698 996 827 1037 crucis,
841 997 932 1028 tan—

158 1047 271 1089 taque
285 1042 374 1079 vilia
388 1045 425 1078 et
439 1053 575 1086 magna
592 1041 795 1087 opprobria
812 1040 933 1076 susti-

155 1094 236 1126 nuit
250 1101 317 1136 pro
334 1089 442 1126 nobis
453 1090 470 1125 ‘?
482 1089 517 1125 Si
530 1089 576 1125 de
588 1088 756 1124 castitate
769 1089 932 1134 virgina-

158 1137 182 1173 li
207 1137 345 1173 mentio
374 1137 453 1180 fiat,
475 1135 558 1182 quis
580 1135 716 1172 castior
737 1146 799 1178 eo,
827 1135 935 1180 cujus

160 1191 280 1221 mater
297 1184 407 1229 Virgo
423 1187 492 1226 est,
506 1184 612 1229 cujus
629 1184 740 1218 Pater
757 1182 935 1218 feminam

161 1231 312 1268 nescit?
338 1232 376 1268 Si
410 1231 456 1267 de
478 1231 634 1267 caritate
662 1241 785 1266 sermo
810 1228 934 1274 suerit,

160 1279 244 1326 quis
281 1289 458 1325 umquam
497 1278 679 1323 maiorem
707 1277 764 1312 vel
793 1279 936 1312 tantam

164 1327 359 1363 caritatem
382 1326 525 1369 habuit,
541 1335 653 1371 quam
672 1324 855 1367 Christus,
875 1322 939 1369 qui

162 1374 201 1410 in
223 1373 402 1410 Passione
424 1384 491 1409 sua
511 1372 636 1419 posuit
650 1371 816 1408 animam
833 1380 939 1407 suam

163 1432 230 1468 pro
266 1420 399 1457 ovibus
429 1420 522 1465 suis,
565 1423 602 1456 et
634 1423 711 1455 tam
750 1418 942 1455 horrenda

163 1467 345 1515 supplicia
364 1467 441 1513 pati
474 1466 591 1503 voluit
618 1477 686 1513 pro
709 1465 830 1508 nobis,
857 1475 941 1500 cum
972 1483 975 1495 ι

163 1520 289 1552 tamen
302 1526 368 1551 nos
379 1515 540 1551 liberare
554 1513 738 1560 potuisset
753 1512 831 1548 solo
848 1516 943 1547 nutu
974 1527 975 1531 =

168 1561 370 1599 voluntatis
384 1562 402 1598 ‘?
422 1563 460 1597 ln
484 1561 664 1597 Passione
685 1571 775 1604 ergo
795 1557 943 1595 Domini

164 1610 309 1646 relucet
319 1609 509 1655 exemplar
524 1607 764 1654 perfectionis
776 1606 943 1642 omnium

168 1656 571 1702 virtutum,proutjam
590 1665 703 1701 supra
717 1658 773 1690 est
788 1657 943 1690 tactum.

170 1706 277 1748 Item,
300 1704 337 1739 in
359 1714 403 1739 ea
424 1703 566 1739 relucet
585 1702 789 1747 perfectum
817 1711 946 1736 reme·-

168 1751 273 1787 dium
287 1755 324 1786 01
340 1750 553 1786 antidotum
565 1752 696 1784 contra
709 1759 858 1784 omnem
875 1746 947 1793 spi-

168 1798 345 1835 ritualem
362 1798 662 1840 morbumNam,
685 1806 752 1842 per
765 1797 833 1831 hoc
845 1794 947 1840 quod

166 1846 244 1892 pati
257 1844 373 1882 voluit
388 1848 547 1881 mortem
560 1842 825 1889 exprobratissi
833 1852 946 1885 mam,

164 1894 346 1930 habemus
356 1890 564 1928 remedium
573 1894 704 1926 contra
716 1901 756 1926 su
763 1889 946 1935 perbiam;

167 1951 234 1987 per
253 1942 321 1976 hoc
341 1939 441 1985 quod
458 1938 666 1974 latronibus
692 1948 731 1974 se
759 1936 948 1973 associare

164 1987 294 2031 voluit,
309 1985 520 2024 remedium
541 1986 684 2031 praebet
704 1987 834 2020 contra
857 1983 948 2019 invi·

171 2034 286 2078 diam;
310 2045 377 2080 per
396 2035 465 2069 hoc
480 2033 580 2077 quod
594 2036 727 2068 contra
739 2033 860 2076 ipsum
877 2030 950 2067 iila·

172 2082 415 2128 spheinantes
436 2080 605 2119 obticuit.
627 2078 835 2116 remedium
856 2088 949 2123 pras-

172 2129 235 2165 bet
246 2132 376 2165 contra
388 2127 498 2170 irann
516 2138 581 2171 per
596 2128 666 2163 1100
680 2125 827 2172 quodin
839 2136 948 2161 cruce

171 2175 350 2220 distendi,
369 2179 405 2211 et
428 2174 544 2210 clavis
565 2174 665 2210 cruci
692 2172 797 2218 affigi
816 2173 946 2216 voluit,

168 2224 311 2269 praebet
340 2222 550 2259 remedium
585 2225 716 2257 contra
752 2219 948 2263 accidiam,

173 2280 257 2316 quae
289 2280 365 2305 000
403 2268 491 2305 51011
517 2267 692 2314 amplecti
721 2266 949 2312 pffltlitelltlae

172 2327 346 2360 crucem3
370 2327 438 2362 per
465 2317 547 2362 ejus
566 2326 654 2352 vero
683 2314 891 2351 nuditatem
913 2317 950 2350 et

171 2368 432 2411 paupertatem
456 2390 465 2406 ,
505 2363 689 2399 habemus
740 2360 949 2397 remedium

172 2415 305 2447 contra
324 2410 520 2446 avaritiam
540 2422 548 2454 3
578 2420 645 2456 per
667 2408 763 2445 sellis
790 2412 826 2444 et
853 2407 948 2444 aceti

172 2457 488 2504 degustationem,
526 2458 707 2493 habemus
741 2455 950 2492 remedium

177 2511 308 2542 contra
320 2505 464 2550 gulani;
480 2514 546 2549 per
560 2504 754 2539 vulnerum
778 2502 950 2538 inflictio-

177 2562 278 2596 nem,
293 2555 330 2587 et
350 2551 487 2588 summi
518 2550 658 2587 doloris
694 2549 948 2595 afflictionem,

179 2599 363 2635 habemus
379 2597 588 2634 remedium
604 2602 735 2633 contra
750 2596 949 2640 luxuriam,

177 2650 214 2683 et
233 2647 315 2682 haee
335 2648 422 2682 sunt
439 2648 580 2691 septem
602 2643 725 2689 sigilla
745 2643 884 2679 librum
899 2642 950 2680 vi-

177 2697 222 2729 tae
245 2691 520 2739 consignantia,
546 2702 628 2737 quae
655 2690 822 2728 Christus
844 2689 950 2726 nobis

175 2740 214 2776 in
241 2739 420 2777 Passione
451 2738 610 2786 aperuit,
632 2741 669 2774 et
690 2740 821 2784 postea
841 2736 951 2774 nobis
982 2772 985 2776 .

177 2787 262 2824 vitae
280 2788 421 2824 aditum
439 2785 647 2824 reseravit:
666 2784 847 2831 praedicta
860 2794 949 2829 ergo

888 167 1045 202 PARTIS
1083 168 1159 199 cAP
1173 167 1221 199 UT
1262 166 1302 198 tl

1008 236 1046 272 in
1068 235 1246 272 Passione
1271 235 1407 273 Christi
1442 234 1650 281 adimpleta
1672 235 1783 271 vide-

1007 333 1088 368 tota
1107 330 1236 366 Passio
1264 329 1618 367 excellentissimam
1648 328 1783 366 Christi

1008 378 1229 426 patientiam
1250 378 1495 415 demonstrat.
1509 378 1545 413 Si
1562 377 1607 413 de
1621 380 1784 413 contem·

1007 429 1074 472 ptu
1101 424 1246 469 mundi,
1268 428 1305 461 et
1333 423 1587 461 abstractione
1618 434 1640 460 a
1671 424 1784 460 rebus

1009 472 1263 510 mundialibus
1282 471 1485 517 loquimur,
1505 470 1588 517 quis
1607 481 1785 517 umquam

1009 519 1219 567 elongatior
1235 522 1273 554 et
1292 517 1518 555 abstractior
1543 519 1590 554 ab
1610 517 1786 554 omnibus

1007 566 1184 611 terrenis,
1206 576 1318 612 quam
1339 565 1507 601 Christus
1534 564 1573 600 in
1593 576 1703 601 01000
1724 575 1785 601 su-

1008 625 1077 660 pra
1098 617 1254 657 terram,
1282 615 1318 648 et
1347 623 1459 658 super
1483 611 1612 648 omnia
1634 615 1787 648 terrena

1010 661 1177 698 elevatus
1199 663 1235 696 et
1262 659 1502 695 abstractus?
1526 658 1563 695 Si
1591 659 1637 694 de
1661 658 1785 694 absti-

1008 708 1138 745 nentia
1172 710 1209 743 et
1236 705 1398 754 jejunio,
1422 717 1487 742 500
1507 705 1629 743 victus
1659 705 1786 742 inedia

1010 755 1153 792 mentio
1176 755 1255 800 fiat,
1276 753 1447 790 Christus
1466 752 1561 789 nihil
1583 753 1622 789 in
1640 752 1785 789 Passio-

1009 814 1055 839 ne
1074 813 1142 839 sua
1161 801 1235 838 nisi
1256 801 1318 846 sel,
1340 805 1377 837 et
1397 803 1558 844 acetum,
1578 800 1636 836 vel
1655 799 1785 837 vinum

1008 850 1235 886 mirrhatum
1267 848 1442 894 gustavit.
1471 847 1507 884 Si
1545 848 1591 884 de
1617 846 1785 894 corporis

1007 896 1252 943 castigatione
1286 895 1425 942 agitur,
1466 895 1572 941 cujus
1608 904 1785 940 umquam

1007 955 1140 991 corpus
1179 943 1219 980 in
1254 947 1400 979 tantum
1438 943 1661 987 castigatum
1701 941 1785 984 suit,

1007 997 1188 1039 quantum
1209 1001 1343 1036 0011105
1364 989 1511 1026 Domini
1537 990 1573 1025 in
1596 988 1729 1026 cruce?
1748 988 1785 1025 Si

1008 1042 1052 1076 de
1069 1037 1237 1075 efficacia
1251 1037 1433 1074 orationis
1453 1048 1576 1073 sermo
1600 1037 1620 1073 si
1630 1040 1680 1081 at,
1701 1035 1787 1082 quis

1008 1096 1187 1133 umquam
1229 1084 1419 1121 efficacius
1457 1083 1604 1121 Christo
1644 1083 1785 1128 oravit,

1009 1134 1129 1180 quiex
1148 1131 1362 1169 vehementi
1380 1131 1591 1168 attentione
1604 1129 1787 1167 orationis

1009 1185 1133 1228 guttas
1154 1179 1381 1226 sanguineas
1400 1178 1577 1215 sudavit?
1594 1178 1630 1214 Si
1652 1179 1697 1214 de
1716 1178 1789 1213 ele-

1010 1237 1271 1273 em··synarum
1305 1225 1517 1271 largitione,
1546 1228 1609 1261 aut
1635 1225 1680 1261 de
1708 1224 1790 1261 aliis

1014 1274 1284 1312 misericordia>
1297 1273 1475 1320 operibus
1488 1272 1692 1319 loquimur,
1706 1271 1790 1318 quis

1015 1333 1192 1368 umquam
1214 1322 1395 1367 majorem
1417 1321 1694 1367 eleemosynam
1727 1319 1791 1356 de-

1014 1370 1082 1414 dit,
1101 1380 1215 1415 quam
1232 1368 1310 1415 ipse
1321 1368 1503 1411 Christus,
1522 1367 1584 1413 qui
1602 1366 1791 1412 proprium

1015 1419 1160 1463 Corpus
1182 1415 1543 1458 500011110111001,01
1561 1413 1793 1460 Sanguinem

1016 1475 1124 1501 suum
1161 1464 1198 1499 in
1234 1468 1381 1509 potum,
1421 1462 1530 1498 nobis
1571 1461 1795 1508 pauperibus

1016 1511 1054 1547 in
1077 1513 1357 1556 eleemosynam
1399 1514 1618 1555 perpetuam
1663 1507 1792 1552 dedit;

1017 1559 1189 1594 infirmos
1210 1560 1324 1593 etiam
1346 1556 1522 1595 visitavit,
1541 1555 1794 1592 duminfirma

1018 1605 1287 1651 discipulorum
1324 1604 1438 1640 corda
1467 1602 1717 1647 confortavit,
1757 1605 1795 1638 et

1019 1664 1140 1699 aegros
1168 1652 1304 1687 multos
1335 1650 1492 1695 curavit,
1515 1649 1680 1697 captivos
1702 1650 1793 1685 mul-

1020 1705 1078 1737 tos
1112 1699 1151 1736 10
1185 1700 1298 1735 limbo
1334 1698 1509 1740 redemit,
1546 1701 1714 1733 mortuos
1749 1696 1795 1733 de

1020 1746 1227 1792 sepulchris
1245 1744 1450 1781 suscitavit.
1474 1744 1510 1781 si
1528 1745 1573 1781 dc
1595 1743 1795 1780 dilectione

1020 1794 1259 1831 inimicorum
1280 1792 1417 1837 agitur,
1442 1791 1480 1827 in
1500 1802 1608 1829 cruce
1629 1791 1796 1838 pendeus

1023 1853 1089 1888 pro
1115 1841 1193 1877 suis
1219 1839 1505 1876 crucifixoribus
1528 1839 1672 1881 oravit;
1706 1841 1742 1874 et
1763 1837 1794 1874 si

1021 1890 1068 1926 de
1089 1890 1324 1925 offensarum
1345 1886 1567 1923 dimissione
1590 1885 1793 1932 loquimur,

1022 1937 1105 1983 quis
1145 1945 1322 1981 umquam
1348 1934 1543 1970 liberalius
1569 1932 1795 1970 (1101151100-

1022 1984 1101 2020 hita
1121 1982 1352 2019 (1011110111105
1372 1980 1448 2017 5015
1479 1991 1590 2027 quam
1612 1979 1794 2022 Christus,

1023 2030 1085 2077 qui
1105 2029 1242 2066 latroni
1262 2040 1334 2064 0011
1354 2028 1473 2064 solum
1495 2027 1622 2063 debita
1640 2026 1794 2072 dimisit,

1022 2077 1086 2114 sed
1126 2080 1161 2113 et
1189 2075 1404 2122 paradisum
1437 2074 1507 2110 sibi
1528 2073 1732 2121 promisit?
1753 2076 1797 2110 Et

1023 2125 1075 2161 sic
1096 2125 1142 2160 de
1174 2123 1360 2160 similibus
1383 2122 1609 2166 inducendo,
1631 2132 1696 2167 per
1718 2121 1794 2158 sin-

1021 2172 1108 2219 gula
1121 2182 1235 2218 opera
1246 2168 1602 2216 supererogationis,
1623 2179 1705 2214 quae
1719 2179 1795 2205 om-

1022 2219 1086 2255 nia
1117 2218 1154 2254 in
1179 2217 1357 2255 Passione
1380 2215 1531 2260 Christi,
1556 2216 1587 2252 si
1616 2215 1795 2252 11000011-

1023 2266 1219 2309 vertimus,
1253 2267 1568 2311 supereroganter
1593 2263 1797 2309 adimpleta

1022 2313 1261 2356 invenimus;
1287 2311 1461 2348 similiter
1481 2313 1516 2347 01
1548 2321 1628 2354 005,
1651 2310 1681 2346 51
1703 2320 1796 2356 per-

1022 2360 1109 2397 secti
1130 2360 1341 2396 imitatores
1360 2357 1496 2394 Christi
1516 2368 1597 2394 esse
1611 2357 1795 2403 volumus,

1022 2408 1229 2454 adimplere
1251 2406 1308 2442 vel
1330 2405 1367 2441 in
1391 2406 1503 2447 sacto,
1518 2405 1574 2440 vel
1592 2403 1629 2440 in
1652 2404 1797 2441 deside·

1022 2455 1093 2499 rio,
1117 2455 1173 2490 vel
1197 2454 1232 2489 in
1254 2452 1462 2489 ministerio
1488 2452 1681 2488 debemus.
1703 2453 1795 2488 Nam

1023 2503 1118 2539 sicut
1138 2501 1229 2537 dicit
1248 2502 1487 2544 Hieronymus
1509 2512 1519 2534 .·
1540 2513 1558 2532 «
1580 2498 1732 2544 Singula
1750 2509 1795 2535 ea

1022 2560 1105 2596 quae
1119 2549 1218 2585 circa
1229 2546 1427 2583 Dominum
1440 2546 1477 2581 in
1496 2546 1674 2582 Passione
1689 2549 1796 2592 gesta

1022 2599 1124 2639 sunt,
1144 2593 1314 2642 quamvis
1330 2592 1451 2630 Judaei
1473 2597 1509 2629 et
1532 2592 1596 2629 alii
1611 2603 1794 2639 (10100001-

1022 2654 1094 2690 que
1113 2643 1282 2680 feceruut
1299 2640 1371 2677 alia
1391 2644 1517 2677 mente
1537 2641 1717 2684 fecerunt,
1730 2650 1794 2676 no-

1021 2687 1795 2734 bistamencredentibusmysticaafferunt

1026 2738 1285 2779 sacramenta3
1323 2734 1376 2771 510
1403 2734 1514 2772 etiam
1536 2736 1612 2782 ipse
1634 2733 1794 2780 Caiphas

1027 2784 1180 2830 quando
1195 2781 1299 2820 dixit:
1317 2782 1477 2829 Expedit
1494 2792 1604 2818 unum
1620 2782 1794 2821 hominem
