1907 3139
160 243 221 277 260
634 234 836 271 SECUNDAE
872 233 1029 269 PARTIS
1067 233 1197 268 CAPUT
1234 233 1294 267 XL

160 309 260 346 enim
279 310 379 345 Deus
399 307 436 343 in
451 305 612 344 secundo
633 305 792 341 adventu
815 302 853 355 in
868 303 928 338 de-

159 361 258 393 serto
278 356 485 401 vagabitur,
509 365 576 390 nec
600 353 635 388 in
655 351 926 402 penetralibus,

153 409 218 441 aut
234 404 271 439 in
291 403 416 449 aliquo
436 401 571 447 angulo
592 406 715 441 ierrae,
741 398 795 433 vel
814 408 851 431 in
871 408 932 432 oc-

152 453 252 487 culto
275 452 369 494 loco,
393 461 455 485 seii
485 452 521 484 in
555 446 741 493 aliquibus
762 445 929 480 obscuris

150 498 337 541 latitabit;
361 497 424 533 sed
445 497 490 532 de
519 495 610 530 coelo
632 492 784 543 veniens
807 490 927 543 mani

151 546 246 581 feste
261 544 435 580 omnibus
452 544 589 587 ubique
608 550 678 585 app
694 540 816 581 irebit‚
839 548 928 582 quia

151 593 237 628 licet
264 593 446 628 adventus
468 588 604 626 Christi
632 587 669 622 in
691 595 843 620 carnem
872 585 928 620 su-

153 639 224 675 erit
250 638 433 680 oei-ultus,
464 641 591 672 tamen
625 633 809 669 adventu:
849 632 929 676 eJ'us

152 685 395 732 adjudicium
411 686 482 720 erit
499 686 548 718 ita
570 680 803 719 manifestus,
828 678 929 724 quod

152 744 226 769 noi]
246 732 384 778 poterit
405 730 567 776 aliquem
597 730 713 779 later-e
736 729 930 771 tamquam
967 760 968 778 ἢ

150 779 377 825 incognitus.
416 780 456 813 In
492 776 613 823 primo
639 784 737 810 enim
766 773 930 808 adventu
967 791 968 796 =

152 826 252 862 venit
274 826 309 861 in
332 824 557 867 humilitate,
591 827 627 858 et
649 821 777 867 paucis
808 819 931 865 cogni-

150 877 224 914 tus,
253 876 289 908 et
317 883 338 908 a
358 872 485 908 multis
507 872 700 916 despectus
729 870 764 902 et
800 877 930 912 repro-

150 922 279 963 batus;
307 920 372 955 sed
394 920 430 954 in
472 917 634 954 secundo
663 915 826 950 adventu
867 924 930 949 ve-

150 967 228 1002 niet
255 966 476 1002 manifestus
503 970 539 1000 et
565 962 768 1009 gloriosus,
797 961 834 995 in
862 971 931 1006 po-

149 1016 286 1049 testate
312 1013 442 1048 orbem
473 1010 724 1057 judicaturus,
757 1009 864 1051 Nam,
892 1009 932 1042 ut

148 1061 201 1096 ait
230 1061 481 1103 Augustinus,
505 1057 695 1092 occultum
734 1054 932 1100 oportebat

148 1117 232 1143 euin
251 1105 392 1149 venire,
417 1108 457 1141 ut
480 1104 743 1149 judicaretur3
768 1100 930 1136 manile·
968 1133 969 1136 ,

149 1158 226 1190 stus
252 1157 379 1189 autem
405 1152 541 1192 veniet,
570 1154 611 1186 ut
630 1148 784 1195 judicet.
817 1147 930 1190 Quasi

150 1201 291 1236 diceret
313 1211 321 1235 ε
346 1199 466 1235 Nolite
485 1200 537 1233 eis
554 1197 722 1239 credere,
742 1194 829 1240 quia
851 1194 931 1230 dies

148 1248 334 1283 adventus
361 1246 433 1281 mei
460 1244 614 1280 secundi
640 1243 692 1278 ita
719 1242 820 1277 clara
846 1241 930 1285 erit,

149 1294 248 1340 quod
282 1294 406 1329 nullus
433 1293 479 1328 de
507 1302 552 1327 ea
580 1289 752 1326 dubitare
782 1290 928 1333 poterit.

150 1342 202 1377 Ad
219 1341 319 1386 quod
339 1338 625 1375 similitudinem
643 1337 796 1381 fulgoris
814 1335 930 1370 intro—
967 1352 969 1405 Ξ
1009 1382 1202 1418 advenerit
1224 1382 1336 1417 Filius
1352 1381 1512 1417 homini<
1545 1391 1621 1416 non
1635 1383 1785 1426 oportet

1007 1406 1018 1418 ι
1499 1409 1527 1425 -2

967 1425 969 1434 ’
1006 1429 1042 1465 iii
1065 1429 1211 1475 angulis
1237 1428 1423 1464 aestimare
1445 1439 1529 1464 eum
1564 1438 1644 1463 esse
1664 1439 1672 1472 ;
1696 1426 1784 1473 quia

149 1388 251 1424 ducit
277 1399 284 1422 :
308 1389 409 1423 Sicut
431 1388 525 1421 enim
546 1386 676 1428 fithur
698 1388 734 1418 ct
755 1382 931 1428 splendor

150 1435 252 1479 siilis,
276 1437 351 1469 emit
372 1434 418 1468 ab
447 1434 602 1471 Oriente,
626 1434 659 1465 et
685 1428 806 1465 subito
826 1432 932 1474 paret

150 1482 303 1528 ubique,
339 1491 452 1525 usque
484 1482 524 1515 in
555 1477 792 1519 Occidentem,
815 1475 931 1511 oculis

151 1529 289 1565 seilicet
305 1528 470 1563 omnium
491 1525 725 1566 mauisestus,
742 1527 778 1558 et
796 1533 872 1557 non
891 1522 930 1558 in

151 1586 224 1612 una
242 1579 347 1621 parte
362 1574 508 1609 videtur
524 1576 560 1608 et
575 1571 705 1615 fulget,
720 1571 782 1605 seit
799 1569 834 1604 in
849 1580 928 1604 om-

150 1623 271 1660 nibus.
309 1632 375 1657 nee
409 1618 655 1655 annuntiante
693 1617 748 1652 vel
785 1627 928 1662 praeco-

149 1681 194 1705 ne
220 1668 376 1713 indiget.
401 1668 466 1703 sed
492 1667 529 1701 in
560 1663 711 1700 instanti
738 1666 927 1698 momento

148 1716 327 1762 temporis
346 1715 384 1749 in
405 1715 536 1749 orbem
558 1716 747 1747 terrarum
768 1709 927 1745 univer—

146 1774 230 1798 sum
240 1766 397 1808 apparet
416 1773 424 1805 ;
448 1763 502 1795 ita
524 1758 821 1794 eritetadoentus
837 1756 929 1792 Filii
964 1770 965 1779 i

145 1812 314 1853 hominis,
337 1809 383 1844 ad
413 1806 597 1854 judicium
622 1804 823 1851 generale:
857 1803 928 1838 erit
964 1803 965 1841 ἶ

146 1857 305 1899 subitus,
338 1859 374 1891 et
413 1864 604 1897 coruscus,
633 1857 669 1887 et
703 1850 926 1886 manifestus

145 1904 335 1945 omnibus,
360 1901 459 1938 etita
480 1903 612 1946 patens
627 1902 664 1934 et
681 1898 803 1933 clarus
825 1897 926 1943 quod

144 1951 269 1987 nullus
290 1950 336 1985 de
355 1960 398 1985 eo
421 1949 594 1984 dubitare
614 1945 770 1992 poterit3
795 1948 831 1980 et
852 1955 926 1980 non

145 1998 203 2033 liic
218 1998 276 2032 vel
295 1996 386 2041 illie,
405 1995 471 2031 sed
489 1993 601 2030 simul
619 1992 757 2037 ubique
774 1995 927 2037 propter

146 2045 373 2081 effusionem
390 2046 426 2078 et
450 2041 690 2088 splendorem
709 2039 839 2084 gloriae
859 2048 925 2084 ap-

146 2091 306 2138 parebit.
337 2090 497 2126 Stultum
519 2092 574 2124 est
596 2097 685 2132 ergo
720 2096 806 2121 eum
825 2085 925 2121 credi

148 2149 243 2182 esse,
273 2137 329 2173 vel
351 2146 524 2182 quaerere
564 2134 598 2169 in
622 2143 737 2179 parvo
770 2132 851 2167 loco
891 2135 927 2167 et

148 2185 187 2220 in
206 2183 442 2226 abscondito,
465 2183 527 2228 qui
560 2180 674 2216 totius
711 2178 840 2215 mundi
864 2178 925 2214 lu·
964 2210 966 2229 ἶ

1002 2227 1053 2262 sic
1077 2230 1113 2262 et
1146 2226 1211 2261 filii
1240 2225 1305 2261 Dei
1345 2226 1391 2261 ad
1427 2224 1563 2261 Christi
1594 2225 1780 2271 justitiam

149 2242 231 2267 men
249 2235 317 2266 est.
337 2231 438 2265 Unile
456 2233 508 2264 ait
526 2228 739 2263 Αηῑὸνοείιιε
759 2238 768 2260 :
788 2240 803 2259 «
824 2225 926 2261 Chri-

148 2282 226 2314 stus
248 2278 342 2313 sicut
368 2277 494 2321 fulgur
525 2284 726 2311 coruscans
749 2283 814 2317 per
840 2272 924 2307 uni·
965 2293 966 2298 =

964 2341 965 2351 i
1001 2320 1112 2355 corde
1136 2319 1290 2365 justitiae
1319 2319 1398 2364 ejus
1430 2320 1545 2355 verba
1568 2329 1774 2365 suscipere,

146 2335 297 2360 versum
319 2324 498 2359 muudum
534 2320 686 2357 luminis
717 2319 772 2355 sui
794 2319 925 2362 globos

147 2371 302 2418 spargit.
326 2373 369 2405 Et
388 2370 471 2405 ideo
498 2380 565 2404 nee
597 2370 634 2402 in
662 2366 821 2402 desertis
855 2376 925 2401 va-
963 2392 964 2409 3

963 2416 965 2443 'i
1000 2425 1073 2449 non
1098 2413 1301 2459 potuerint,
1330 2416 1608 2456 cognoscuntur
1634 2413 1678 2448 de
1701 2412 1776 2448 dia-

1003 2461 1086 2497 bolo
1108 2471 1188 2496 e>se
1210 2460 1309 2495 nati:
1339 2473 1357 2492 ³>
1379 2460 1459 2494 haec
1488 2461 1774 2503 Chrysostomus.
1813 2479 1815 2481 ·

145 2424 269 2465 gatur,
290 2428 358 2453 nec
384 2415 575 2461 aliquibus
601 2414 693 2450 locis
717 2412 921 2455 clauditur,

144 2466 232 2511 quia
257 2466 381 2500 coelum
409 2468 442 2498 et
460 2467 593 2498 terram
616 2472 677 2504 eqo
694 2461 840 2504 impleo,
867 2461 923 2494 di-

142 2515 192 2548 cit
209 2513 395 2547 Dominus.
428 2510 498 2545 Sed
520 2510 601 2544 luce
617 2507 773 2553 fulgoris
794 2506 922 2551 fulget,
963 2536 964 2544 ,

141 2559 231 2595 utin
251 2558 438 2594 ilianocte
457 2554 744 2591 resurrectionis
765 2553 924 2599 gloriam

142 2606 269 2642 videre
289 2603 490 2651 possimus.
512 2616 529 2634 >³
560 2604 616 2646 Et,
641 2604 678 2637 ut
700 2600 788 2636 dicit
812 2602 923 2645 Chry·
962 2606 964 2621 ¹

962 2671 964 2681 i
1000 2648 1138 2691 locum,
1172 2647 1257 2683 ideo
1275 2647 1354 2693 ipse
1375 2659 1449 2683 non
1467 2647 1613 2693 indiget
1631 2657 1774 2693 praeco-

141 2656 333 2695 sostomus,
356 2650 450 2686 sicut
469 2649 592 2695 fulgur
610 2648 815 2683 secundum
833 2658 923 2692 qua-

142 2700 285 2736 litatem
314 2696 468 2744 fulgoris
489 2698 544 2730 sui
575 2705 651 2730 non
673 2695 787 2740 digne
812 2693 920 2739 aspi—

139 2745 335 2791 citur;sic
369 2748 405 2780 et
438 2743 528 2779 dum
565 2740 709 2778 venerit
747 2740 919 2776 Christus

140 2794 349 2830 seeundum
391 2799 607 2826 mensuram
652 2786 782 2833 gloriae
820 2788 916 2833 eJus,

140 2851 215 2876 noi]
245 2840 417 2887 poterunt
452 2847 537 2874 eum
559 2834 789 2872 sufficienter
818 2834 918 2882 aspi-

1007 313 1104 339 cere.
1127 304 1172 338 Et
1190 301 1370 347 sicutjam
1387 298 1562 336 instruxit
1579 298 1782 345 discipulos

1007 350 1052 386 de
1073 351 1182 386 modo
1202 347 1445 394 apparitionis
1463 357 1551 388 suae,
1575 346 1665 392 quia
1686 347 1782 382 sicut

1006 397 1131 442 fulgur
1163 398 1360 432 manifeste
1404 394 1547 437 veniet;
1590 394 1642 430 sie
1684 404 1783 430 nunc

1007 447 1279 489 consequenter
1296 441 1447 478 instruit
1475 452 1539 477 eos
1557 441 1603 478 de
1624 443 1720 487 loco,
1743 442 1783 477 in

1008 502 1080 537 quo
1103 495 1282 526 venturus
1302 494 1371 525 est.

1058 553 1097 574 lo
1125 539 1198 574 Can
1219 538 1392 572 Cmusms
1410 547 1559 572 DICATUR
1576 547 1723 578 CORPUS,
1742 546 1784 570 ET

1007 586 1135 621 SANCTI
1152 595 1293 624 AQUlLls
1311 583 1594 619 AssimiLENTun‘?
1616 604 1654 608 ——
1677 582 1784 618 Unde

1007 631 1228 677 subjungit:
1255 632 1475 675 Ubicumque
1500 632 1614 673 fuerit
1638 639 1782 674 corpus,

1006 678 1041 714 id
1072 682 1127 714 est
1149 678 1319 713 Christus
1354 677 1390 712 in
1414 677 1662 719 humanitate,
1696 675 1785 721 quia

1002 724 1187 771 judii-,abit
1210 726 1247 760 in
1279 727 1399 760 torma
1430 726 1606 768 humana,
1642 723 1784 758 seilicet

1006 774 1189 818 gloriosa3
1204 773 1257 806 ibi
1269 772 1583 815 conqreqabuntur
1593 774 1625 805 et
1635 771 1786 815 aquilae,

1007 820 1044 855 id
1057 825 1112 855 est
1128 818 1252 855 Sancti
1264 821 1506 854 occurrentes
1519 817 1667 854 obviam
1681 816 1785 853 Chri-

1007 870 1063 902 sto
1085 866 1131 902 ad
1157 865 1337 912 judicium
1360 864 1538 908 venienti,
1572 863 1784 908 quibusin-

1008 917 1143 949 novata
1165 917 1219 948 est
1235 913 1412 959 juventus
1433 916 1470 948 ut
1493 911 1641 957 aquilae.
1677 910 1784 947 Chri-

1008 964 1085 996 stus
1112 959 1250 995 dicitur
1284 970 1412 1005 corpus
1445 959 1492 994 ad
1531 958 1786 994 denotandum

1007 1008 1129 1043 carnis
1156 1009 1366 1050 veritatem,
1396 1009 1431 1041 et
1455 1005 1683 1042 ostensionis
1705 1015 1785 1051 spe-

1007 1055 1117 1098 ciem,
1140 1054 1177 1089 in
1196 1064 1269 1099 qua
1289 1052 1429 1089 videbit
1450 1063 1534 1089 eum
1555 1054 1676 1088 omnis
1695 1062 1783 1087 ocu-

1006 1102 1063 1137 lus
1080 1113 1088 1145 3
1106 1101 1213 1137 electi
1227 1111 1313 1136 vero
1337 1101 1512 1136 dicuntur
1529 1101 1675 1145 aquilae,
1692 1109 1783 1145 pro-

1007 1151 1089 1194 pter
1112 1147 1398 1183 resurrecti-inis
1424 1146 1721 1189 innovationem,
1747 1147 1784 1181 et

1008 1194 1161 1230 visionis
1189 1193 1448 1237 subtilitatem,
1478 1204 1552 1239 qua
1576 1193 1700 1229 Solem
1720 1193 1782 1238 ju-

1007 1241 1131 1285 stitiae,
1160 1240 1443 1277 irreverberatis
1480 1239 1612 1284 oculis,
1640 1239 1785 1275 videbi-

1007 1299 1102 1324 mus.
1126 1288 1240 1331 Quasi
1265 1289 1418 1331 diceret‚
1442 1287 1647 1323 secundum
1667 1288 1784 1331 Chry-

1007 1340 1225 1371 sostomum:
1247 1349 1262 1367 «
1286 1334 1427 1370 Dumin
1439 1334 1603 1379 glorioso
1625 1344 1784 1379 corpore

1006 1481 1111 1512 tanta
1132 1476 1201 1511 erit
1219 1475 1504 1521 obsequentium
1527 1474 1595 1510 sibi
1625 1476 1782 1511 Sancto-

1005 1534 1085 1559 rum
1115 1523 1325 1561 multitudo,
1364 1526 1403 1557 ut
1432 1522 1632 1566 unicuique
1659 1525 1785 1567 pateat

966 1589 968 1601 ·
1005 1570 1104 1616 quod
1126 1569 1204 1615 ipse
1227 1573 1283 1605 est
1303 1569 1468 1605 Christus
1498 1568 1692 1612 Dominus,
1720 1579 1781 1604 ca-

1005 1621 1067 1663 put
1092 1616 1206 1652 totius
1235 1616 1421 1659 Ecclesiae,
1449 1619 1485 1651 et
1510 1626 1622 1661 supra
1646 1626 1783 1651 omnem

1003 1666 1254 1708 Prtnciputum
1282 1667 1313 1698 et
1338 1666 1566 1701 Potestatem,
1595 1666 1627 1698 et
1657 1664 1782 1698 Virtu-

1004 1716 1085 1747 tem.
1104 1715 1134 1745 et
1156 1712 1454 1754 Domz'mttionem,
1471 1714 1503 1744 et
1519 1720 1619 1744 omne
1637 1720 1781 1754 nomen,

1005 1758 1100 1802 quod
1121 1759 1330 1792 nominatur
1348 1768 1418 1792 non
1438 1758 1553 1791 solum
1574 1758 1613 1791 in
1634 1758 1698 1792 hoc
1719 1767 1782 1791 se-

1003 1806 1094 1847 culo,
1119 1805 1181 1839 sed
1202 1806 1311 1839 etiam
1329 1806 1368 1838 in
1385 1806 1524 1846 futuro.
1549 1804 1620 1839 Per
1637 1803 1784 1848 aquilas

1003 1851 1103 1887 enim
1117 1851 1633 1896 multitudinemAngelorum
1645 1854 1680 1886 et
1693 1851 1782 1886 San-

1004 1905 1149 1934 ctorum
1187 1897 1449 1934 universorum
1485 1897 1661 1933 ostendit.
1695 1897 1782 1933 Ideo

1003 1947 1103 1981 enim
1121 1945 1245 1981 Sancti
1260 1944 1397 1990 aquilis
1413 1944 1681 1989 assimilantur,
1695 1945 1782 1990 quia

1002 1994 1099 2029 sicut
1115 1991 1181 2027 filii
1197 1991 1406 2037 aquilarum
1420 1992 1467 2027 ad
1483 1992 1599 2027 solem
1620 1992 1782 2036 proban-

1001 2044 1076 2083 tur,
1097 2043 1137 2075 ut
1157 2039 1342 2084 siquidem
1359 2042 1461 2073 recto
1481 2044 1634 2084 aspectu
1655 2037 1781 2074 inten-

1003 2087 1090 2122 dere
1109 2087 1296 2131 potuerint
1314 2088 1442 2120 contra
1460 2085 1585 2121 radios
1605 2084 1707 2125 solis,
1726 2085 1782 2121 in-

1002 2133 1219 2178 telligantur
1233 2142 1314 2167 esse
1330 2131 1500 2176 legitimi,
1518 2131 1548 2167 si
1563 2138 1689 2167 autem
1705 2142 1781 2168 non

1000 2179 1204 2226 potuerint,
1236 2182 1514 2223 cognoscantur
1541 2177 1746 2214 adulterini
1769 2190 1778 2222 ;

1001 2274 1231 2319 probantum
1249 2272 1278 2307 si
1307 2272 1404 2307 enim
1442 2271 1633 2318 potuerint
1657 2272 1778 2325 'pleno

1000 2366 1261 2412 intelliguntur
1282 2376 1363 2401 esse
1382 2365 1540 2411 legitimi
1565 2377 1572 2407 ;
1596 2365 1625 2400 si
1653 2370 1778 2401 autem

1001 2507 1093 2550 Qiiia
1115 2517 1203 2552 ergo
1226 2508 1414 2542 seciiniliis
1435 2506 1618 2542 adventus
1636 2506 1774 2543 Christi

1001 2554 1072 2590 erit
1093 2554 1144 2590 ita
1163 2553 1377 2599 publicatus
1408 2559 1444 2589 et
1474 2553 1710 2598 manifestus,
1736 2556 1773 2589 et

1002 2605 1183 2647 quantum
1203 2601 1250 2636 ad
1270 2601 1419 2636 modum
1450 2604 1486 2636 et
1518 2605 1700 2646 quantum
1728 2600 1776 2636 ad

999 2695 1111 2731 nibus
1130 2698 1166 2730 et
1186 2694 1328 2729 nuntiis
1345 2694 1483 2730 talibus
1502 2695 1565 2739 qui
1588 2693 1691 2730 vobis
1712 2704 1776 2730 an-

999 2740 1195 2785 nuntient,
1225 2740 1389 2776 (licentes
1408 2753 1416 2777 :
1440 2743 1532 2777 Ecce
1555 2741 1613 2777 hic
1632 2745 1669 2777 et
1688 2751 1774 2777 ecce

998 2788 1076 2824 illic
1109 2789 1281 2824 Christus
1314 2793 1369 2825 est
1386 2799 1395 2834 ;
1415 2788 1530 2835 igitur
1550 2787 1667 2825 nolite
1686 2786 1774 2825 tali-

998 2835 1070 2873 bus
1090 2835 1261 2873 credere.
