1907 3139
355 166 407 199 DE
444 162 761 199 INSTITUTIONE
800 160 1084 197 SACRAMENTI
1125 159 1450 193 EUCHARISTIAE.
1662 155 1720 191 345

87 237 240 275 Crescite
267 238 302 272 et
328 234 643 279 multiplicamini,
671 236 703 269 et
731 234 864 279 replete

86 287 233 328 terram,
255 283 370 320 semel
397 281 550 328 quidem
574 280 674 317 dicta
707 283 775 325 est,
797 280 862 317 sed

85 331 188 369 omni
230 334 400 377 tempore
447 328 559 365 sentit
599 329 776 365 effectum
814 328 862 364 ad

85 379 382 427 generationem,
412 379 593 423 operante
633 379 788 420 natura,
810 375 862 412 ita

86 430 123 464 et
151 438 220 463 vox
242 426 313 463 isla
343 424 457 462 semel
480 424 632 470 quidem
659 423 759 459 dicta
791 428 860 469 cst,

85 474 153 511 sed
187 484 255 520 per
292 484 424 509 omnes
456 482 609 508 mensas
657 470 861 513 Ecclesiae,

84 532 208 568 usque
243 522 281 557 in
306 520 531 557 hodiernum
553 519 668 563 diem,
691 522 727 555 et
745 530 862 564 usque

85 569 134 606 ad
160 569 240 613 ejus
269 569 471 605 adventum
503 570 656 614 praestat
679 566 863 602 sacrificio

85 617 306 654 firmitatem
328 629 335 653 :
360 630 376 650 i)
397 617 478 652 haec
500 617 783 659 Chrysostomus.
804 616 865 650 Est

86 669 213 702 autem
233 664 284 701 ibi
314 665 446 708 altare,
469 663 530 699 ubi
557 663 738 699 Dominus
760 661 863 697 ordi-

85 712 191 749 navit
221 715 497 748 sacramentum
527 709 784 746 Eucharistiae.
808 710 862 746 Ob

86 760 193 806 cujus
217 759 494 796 institutionem
523 762 592 800 est,
615 758 712 803 quod
737 758 773 792 in
792 758 864 793 hac

86 807 162 853 die,
188 818 273 843 cum
297 817 429 843 omnes
458 807 566 842 Horae
598 805 671 841 sint
704 804 862 845 flebiles,

86 854 168 891 sola
207 854 321 891 Missa
358 856 415 890 est
447 852 638 897 solemnis,
670 855 865 897 tamquam

86 901 127 939 in
148 914 215 939 suo
234 902 363 946 natali,
381 900 574 938 scilicetin
589 901 649 936 die
671 911 749 936 sure
767 898 866 934 insti-

86 949 255 986 tutionis.
276 950 416 986 Eadem
439 959 588 995 quoque
611 947 671 983 die
694 946 867 983 Chrisina

87 998 298 1042 conficitur,
317 1009 391 1044 quo
407 996 550 1032 frontes
566 995 765 1037 liniuntur,
780 995 867 1040 quia

88 1045 221 1082 eadem
248 1045 308 1081 die
336 1047 463 1091 postes
496 1043 583 1089 agni
619 1041 800 1089 sanguine
828 1041 868 1077 li-

87 1093 303 1130 niebantur.
318 1093 450 1138 Aspice
462 1102 558 1127 nunc
574 1091 669 1126 bene
681 1089 868 1136 quomodo

89 1140 290 1187 diligenter
310 1151 353 1177 ac
380 1139 553 1182 fideliter,
574 1141 610 1173 et
636 1138 768 1174 devote
790 1138 869 1173 Do-

87 1187 214 1225 minus
250 1187 433 1234 praedicta
468 1185 613 1225 fecerit,
637 1188 673 1221 et
708 1183 870 1231 propriis

89 1235 264 1272 manibus
276 1235 379 1271 illam
395 1234 570 1270 dilectam
583 1236 618 1269 ct
631 1232 871 1269 benedictam

90 1283 275 1320 familiam
295 1293 402 1319 suam
423 1279 770 1317 communicaverit.
790 1282 872 1316 Non

89 1330 191 1368 enim
228 1333 285 1367 est
306 1329 607 1375 intelligendum,
634 1328 734 1374 quod
756 1326 869 1363 disci-

87 1379 167 1426 puli
195 1382 385 1424 sumptum
413 1378 557 1423 Corpus
582 1376 628 1411 de
659 1386 771 1410 manu
798 1376 870 1411 Do-

90 1425 185 1462 mini
208 1425 278 1462 sibi
297 1425 579 1465 ministrarent3
602 1423 668 1459 sed
689 1422 753 1468 qui
781 1432 872 1458 con-

90 1475 264 1520 secravit,
287 1473 366 1519 ipse
387 1476 424 1509 et
445 1470 684 1508 ministravit.
710 1472 748 1505 ln
768 1470 873 1514 cujus

90 1521 242 1568 signum
274 1530 406 1557 omnes
436 1518 603 1565 religiosi
632 1518 815 1554 deberent
834 1516 873 1552 in

91 1568 152 1605 die
184 1569 308 1605 Coenae
346 1567 516 1611 recipere
551 1567 694 1611 Corpus
719 1563 871 1605 Christi,

90 1616 138 1653 de
157 1626 270 1652 manu
290 1615 436 1662 praelati
459 1614 531 1651 sui.
559 1612 724 1658 Sumpsit
760 1613 874 1648 etiam

89 1663 169 1711 ipse
194 1666 475 1700 sacramentum
507 1661 683 1707 Corporis
711 1664 749 1697 et
779 1661 873 1696 San-

91 1710 217 1758 guinis
247 1710 318 1755 sui,
349 1721 426 1746 non
445 1711 600 1756 propter
627 1707 684 1744 sui
707 1707 875 1753 indigen-

90 1759 209 1803 tiam,
243 1760 281 1794 et
311 1760 351 1794 ut
383 1757 549 1802 aliquem
584 1766 606 1791 a
638 1758 873 1791 sacramento

94 1810 394 1851 consequeretur
431 1805 624 1847 effectum3
656 1802 720 1838 sed
753 1802 876 1848 gratia

93 1853 270 1899 exempli,
293 1852 434 1889 scilicet
461 1854 500 1887 ut
530 1850 616 1887 aliis
638 1850 746 1886 daret
767 1860 874 1885 man-

93 1900 255 1938 ducandi
291 1900 516 1946 exemplum.
546 1897 712 1943 Sumpsit
749 1901 876 1933 autem

93 1949 205 1986 modo
224 1948 314 1984 illud
333 1945 601 1983 sacramentali
622 1948 782 1989 tantum,
799 1955 875 1980 non

95 1995 295 2043 spirituali.
320 1996 392 2031 Per
412 1996 483 2030 hoc
503 1997 630 2029 autem
652 1994 752 2039 quod
773 1991 877 2029 Chri-

94 2047 175 2080 stus
215 2042 325 2079 morti
366 2041 613 2088 propinquus,
644 2052 719 2076 non
756 2040 876 2076 silum

95 2101 234 2137 agnum
271 2092 451 2137 typicum,
477 2089 543 2125 sed
581 2087 695 2124 etiam
735 2089 876 2134 amplis

93 2149 202 2175 suum
242 2148 371 2173 verum
414 2135 751 2175 sacramentaliter.
791 2146 875 2171 cum

93 2185 285 2232 Apostolis
305 2185 383 2220 suis
398 2183 650 2227 manducavit,
665 2183 877 2218 ostenditur

97 2233 199 2280 quod
236 2232 392 2279 quilibet
428 2231 677 2274 CliristianUS,
710 2230 876 2276 periculo

96 2279 230 2318 mortis
269 2279 506 2322 imminente,
528 2278 652 2321 debet,
672 2277 702 2313 si
739 2281 876 2324 potest,

97 2327 425 2365 sacramentaliter
462 2327 757 2369 communicare,
779 2328 815 2360 et
848 2325 877 2360 si

96 2386 175 2412 non
206 2377 342 2421 potest,
363 2375 613 2410 communicet
635 2373 767 2408 saltem
787 2372 876 2417 fide,

99 2422 307 2459 secundum
339 2422 430 2458 illud
457 2422 612 2457 verbum
641 2421 876 2466 Auyustini:

101 2482 119 2505 «
143 2470 276 2514 Crede,
302 2472 339 2505 et
361 2468 609 2506 manducasti.
635 2480 652 2502 »

147 2521 168 2554 5
183 2518 394 2554 GRATIARUM
409 2528 510 2553 Acrio
528 2527 701 2556 PANISQUE
717 2526 876 2551 FnAcrio.

99 2565 324 2601 —Attende
359 2565 472 2600 etiam
505 2564 732 2600 sacramenti
761 2562 881 2608 digni-

99 2615 228 2653 tatem,
259 2615 295 2648 et
330 2611 596 2654 reverentiam,
625 2615 661 2646 et
706 2610 880 2647 ordinem

99 2659 198 2696 circa
229 2659 366 2705 ipsum,
388 2658 568 2705 quoniam
593 2660 713 2705 primo
737 2659 880 2702 qrfsttas

99 2708 174 2751 e9it
190 2719 200 2743 :
219 2717 287 2753 pro
308 2709 414 2743 tanto
436 2706 629 2754 mysterio,
652 2706 751 2742 circa
779 2705 880 2752 quod

101 2754 232 2791 divina
257 2753 375 2791 virtus
408 2760 588 2801 operatur
614 2753 794 2790 secretius
809 2767 818 2798 ;
843 2755 880 2790 et

100 2811 170 2850 pro
207 2805 314 2840 tanto
349 2802 549 2850 beneficio,
585 2805 628 2839 ut
662 2802 805 2849 Corpus
843 2804 882 2838 et

939 228 1168 275 Sanguinem
1190 237 1298 263 suum
1329 226 1392 262 det
1422 225 1530 262 nobis
1550 240 1557 262 :
1578 229 1615 262 et
1644 235 1710 272 per

936 279 1008 315 hoc
1030 275 1209 319 ostendit,
1234 274 1333 320 quod
1365 274 1403 309 in
1430 273 1655 319 sumptione,
1678 277 1715 310 et

936 329 1025 363 ante
1054 323 1305 369 sumptionem
1334 322 1445 367 hujus
1471 321 1714 366 sacramenti,

938 371 1178 421 praeexigitur
1217 370 1365 406 devotio
1410 374 1447 405 et
1490 369 1631 414 oratio,
1671 380 1715 405 ac

937 420 1073 458 mentis
1110 419 1149 455 in
1192 420 1309 454 Deum
1346 416 1519 453 elevatio.
1564 418 1605 453 In
1646 417 1716 453 hoc

938 471 1051 505 etiam
1071 466 1204 503 tribuit
1220 464 1329 502 nobis
1349 465 1561 511 exemplum
1580 463 1720 509 glorifi-

938 517 1046 553 candi
1081 517 1200 552 Deum
1235 514 1275 549 in
1307 514 1409 548 omni
1454 514 1553 548 bona
1588 512 1720 547 incho-

937 565 1076 600 atione.
1100 562 1206 599 Unde
1230 560 1281 597 ait
1301 561 1400 597 Beda,
1421 573 1431 595 ε
1457 574 1475 593 «
1494 561 1537 595 Et
1558 560 1652 594 sicut
1673 559 1718 594 de

937 611 1124 648 veteribus
1153 608 1402 646 terminandis
1435 609 1578 653 egerat,
1603 607 1656 642 sic
1683 610 1720 642 et

938 662 983 696 de
1023 660 1129 695 novis
1168 657 1394 704 incipiendis
1432 654 1573 702 gratias
1615 654 1715 699 agit,

938 707 1046 744 nobis
1072 705 1214 752 pariter
1240 705 1449 750 exemplum
1472 703 1656 746 tribuens,
1680 701 1718 737 iu

938 755 1041 791 omni
1080 753 1169 789 boni
1203 753 1325 799 operis
1364 750 1618 794 inchoatione,
1658 749 1717 785 vel

940 803 1181 849 perfectione,
1206 802 1357 837 Patrem
1378 799 1443 846 qui
1462 801 1501 834 in
1521 798 1626 835 coelis
1646 799 1715 842 est,

941 861 1022 887 esse
1054 849 1356 895 glorificandum.
1382 864 1397 878 »
1429 847 1586 890 Deinde,
1613 846 1718 880 bezze-

940 900 1054 942 dt'oez't,
1075 896 1234 933 dicendo
1258 897 1371 932 verba
1387 905 1471 941 quae
1490 897 1719 940 sequuntur:

940 949 1014 982 Hoc
1051 948 1103 980 est
1143 954 1272 990 corpus
1310 954 1446 986 ‘mettim
1470 943 1554 984 hoc,
1583 940 1726 977 scilicet

942 993 1042 1040 quod
1076 992 1143 1028 sub
1171 992 1294 1038 specie
1325 991 1432 1037 panis
1453 989 1603 1034 videtis,
1625 987 1727 1035 quod

944 1052 1042 1077 nunc
1064 1040 1126 1083 d0‚
1147 1042 1184 1075 et
1204 1039 1305 1085 quod
1326 1049 1427 1074 nunc
1446 1037 1604 1081 sumitis,
1627 1035 1727 1081 quod

944 1100 1011 1136 pro
1060 1087 1178 1131 vobis,
1217 1089 1253 1122 et
1296 1090 1420 1122 vestra
1464 1084 1726 1130 redemptione

945 1136 1127 1178 tradetur,
1149 1134 1198 1170 ad
1220 1134 1487 1180 flagellandum
1509 1136 1545 1168 et
1572 1130 1724 1167 crucin-

945 1184 1125 1231 gendum.
1149 1184 1199 1217 Ex
1234 1193 1305 1227 quo
1339 1180 1488 1217 videtur
1518 1179 1620 1225 quod
1663 1181 1726 1214 hoc

948 1243 1023 1268 nou
1055 1232 1289 1267 demonstrat
1308 1228 1473 1275 speciem
1502 1227 1610 1273 panis
1641 1225 1726 1262 sim-

947 1280 1106 1325 pliciter.
1130 1289 1199 1313 nec
1220 1278 1364 1323 Corpus
1386 1275 1522 1312 Christi
1547 1274 1726 1321 simplici-

947 1331 1018 1371 ter,
1037 1327 1103 1363 sed
1140 1326 1284 1371 Corpus
1317 1323 1455 1360 Clirisli
1501 1324 1571 1359 sub
1608 1320 1732 1367 specie

946 1374 1054 1422 panis
1075 1383 1274 1420 apparens.
1298 1373 1354 1408 Un
1370 1373 1404 1407 le
1432 1371 1546 1407 ctiam
1578 1369 1727 1405 videtur

948 1423 1049 1469 quod
1062 1422 1164 1457 nulla
1176 1419 1484 1464 aliaintelligitur
1498 1416 1726 1461 benedictio,

948 1481 1062 1516 quam
1091 1478 1284 1505 sacrorum
1321 1468 1522 1502 verborum
1556 1464 1726 1510 prolatio.

948 1515 1225 1554 Transmutatio
1272 1520 1399 1551 autem
1438 1514 1481 1549 fit
1523 1513 1559 1548 in
1600 1511 1732 1548 ultimo

948 1564 1104 1601 instanti
1130 1563 1289 1610 prolatae
1316 1560 1513 1598 orationis.
1544 1560 1648 1597 Unde
1671 1561 1734 1595 hoc

950 1613 1187 1649 demonstrat
1209 1611 1354 1656 Corpus
1383 1608 1536 1653 Christi,
1558 1619 1634 1644 non
1663 1617 1731 1653 pro

947 1664 1118 1707 tempore
1139 1669 1206 1705 pro
1229 1668 1302 1704 quo
1320 1658 1527 1704 profertur,
1548 1656 1614 1692 sed
1636 1665 1734 1691 com-

948 1710 1050 1755 pleta
1080 1709 1267 1750 oratione,
1293 1709 1334 1741 ut
1362 1715 1446 1741 cum
1480 1704 1619 1740 dicitur
1638 1714 1647 1739 t
1669 1704 1733 1738 hoc

949 1758 1006 1792 est
1044 1756 1185 1791 bonum
1210 1753 1382 1797 verbum,
1404 1754 1523 1788 Deum
1558 1753 1662 1787 time.
1687 1753 1735 1786 Et

948 1806 1038 1839 tunc
1078 1803 1206 1845 fregit,
1243 1804 1299 1844 ut,
1338 1800 1547 1836 secundum
1583 1799 1732 1843 Bedam,

950 1849 1167 1887 ostenderet
1199 1848 1376 1893 Corporis
1405 1849 1461 1884 sui
1492 1847 1732 1891 fractionem,

949 1897 989 1934 id
1041 1900 1097 1932 est
1134 1896 1353 1932 Passionem
1373 1924 1381 1936 ,
1425 1906 1502 1931 non
1546 1894 1626 1930 siue
1667 1904 1736 1930 sua

951 1949 1085 1990 sponte
1109 1947 1147 1980 et
1176 1955 1289 1989 opere
1312 1944 1489 1980 futuram.
1512 1941 1735 1988 Frangimus

951 1997 987 2030 et
1018 2003 1099 2033 nos,
1122 1992 1161 2027 in
1191 1991 1342 2037 siguum
1369 1990 1456 2037 quit
1478 1989 1644 2036 fregerit,
1667 1989 1733 2025 sed

951 2039 1195 2076 nihilominus
1210 2039 1357 2085 integer
1371 2042 1455 2085 post
1471 2042 1612 2074 munet.
1630 2038 1732 2073 Pane

951 2089 1053 2125 enim
1074 2090 1110 2123 in
1131 2088 1271 2133 Corpus
1293 2088 1427 2124 Cliristi
1451 2086 1735 2122 transsubstan-

951 2138 1018 2180 tio,
1039 2135 1163 2179 frangi
1185 2135 1347 2171 dicitur:
1370 2145 1444 2179 non
1469 2134 1569 2179 quod
1588 2134 1732 2178 Corpus

952 2181 1103 2227 Christi,
1129 2183 1229 2228 quod
1248 2182 1437 2227 integrum
1469 2182 1536 2217 sub
1565 2180 1735 2227 qualibet

953 2234 1058 2276 parte
1093 2232 1232 2275 manet,
1272 2232 1488 2276 frangatur;
1530 2229 1596 2264 sed
1635 2227 1733 2264 acci-

952 2278 1094 2322 dentia,
1131 2279 1198 2314 sub
1238 2279 1375 2324 quihus
1414 2278 1556 2323 Corpus
1590 2278 1732 2316 manet,

953 2326 1191 2371 franguntur.
1210 2327 1327 2362 Debet
1348 2329 1476 2361 autem
1498 2323 1629 2360 fractio
1652 2322 1734 2360 fieri

952 2373 991 2409 in
1006 2377 1083 2409 tres
1094 2377 1234 2419 partes,
1251 2373 1288 2409 in
1305 2374 1454 2418 signum
1476 2373 1575 2419 quozl
1594 2372 1734 2407 fractus

952 2423 1009 2457 est
1035 2420 1233 2466 tripliciter
1260 2421 1444 2461 Christus,
1467 2419 1637 2456 scilicet:
1665 2420 1731 2455 tla-

952 2468 1059 2516 gellis
1080 2472 1168 2504 ante
1190 2468 1421 2513 Passionem,
1441 2467 1557 2504 clavis
1584 2467 1623 2503 in
1642 2468 1732 2502 Pas-

953 2516 1072 2560 sione,
1096 2518 1227 2552 lancea
1257 2520 1340 2563 post
1368 2517 1608 2560 Passionem3
1628 2514 1734 2559 item,

952 2568 1106 2616 propter
1138 2566 1214 2600 tres
1246 2568 1373 2611 partes
1412 2563 1618 2600 Ecclesiae:
1646 2571 1732 2597 uam

953 2622 1077 2657 prima
1097 2623 1182 2656 pars
1210 2615 1318 2648 notat
1346 2613 1501 2649 Sancto÷
1533 2611 1571 2646 in
1603 2609 1733 2652 coelis:

953 2659 1119 2695 secunda
1137 2688 1146 2704 ,
1192 2660 1394 2696 salvandos
1412 2687 1420 2703 ,
1461 2658 1523 2705 qui
1566 2662 1652 2694 sunt
1695 2656 1733 2692 in

955 2706 1094 2751 poenis;
1112 2706 1224 2744 tertia
1238 2707 1367 2749 tincta,
1384 2707 1486 2743 vivos
1502 2717 1593 2751 quos
1610 2705 1735 2742 adhuc

953 2754 1034 2790 haec
1062 2755 1137 2791 vita
1156 2758 1344 2792 sustentat
1366 2755 1406 2791 in
1427 2754 1551 2791 terris.
1574 2753 1732 2795 Deinde,

954 2802 1055 2840 dedit
1081 2803 1277 2851 discipulis
1296 2804 1388 2848 suis,
1411 2802 1459 2840 ad
1481 2811 1605 2848 usum,
1631 2803 1670 2838 ut
1687 2799 1735 2842 ad
