<?xml version="1.0" encoding="UTF-8"?>
<!DOCTYPE html PUBLIC "-//W3C//DTD XHTML 1.0 Transitional//EN"
    "http://www.w3.org/TR/xhtml1/DTD/xhtml1-transitional.dtd">
<html xmlns="http://www.w3.org/1999/xhtml" xml:lang="en" lang="en">
 <head>
  <title>
</title>
<meta http-equiv="Content-Type" content="text/html;charset=utf-8" />
  <meta name='ocr-system' content='tesseract 3.04.00' />
  <meta name='ocr-capabilities' content='ocr_page ocr_carea ocr_par ocr_line ocrx_word'/>
</head>
<body>
  <div class='ocr_page' id='page_1' title='image "./vitajesuchristie03ludouoft_0016.png"; bbox 0 0 1855 3139; ppageno 0'>
   <div class='ocr_carea' id='block_1_1' title="bbox 92 114 797 148">
    <p class='ocr_par' dir='ltr' id='par_1_1' title="bbox 92 114 797 148">
     <span class='ocr_line' id='line_1_1' title="bbox 92 114 797 148; baseline 0.003 -2"><span class='ocrx_word' id='word_1_1' title='bbox 92 114 112 146; x_wconf 92' lang='lat'>8</span> <span class='ocrx_word' id='word_1_2' title='bbox 592 114 797 148; x_wconf 82' lang='lat' dir='ltr'>SECUNDAE</span> 
     </span>
    </p>
   </div>
   <div class='ocr_carea' id='block_1_2' title="bbox 92 181 869 1778">
    <p class='ocr_par' dir='ltr' id='par_1_2' title="bbox 92 181 869 1778">
     <span class='ocr_line' id='line_1_2' title="bbox 95 181 864 230; baseline 0.004 -12"><span class='ocrx_word' id='word_1_3' title='bbox 95 181 239 226; x_wconf 86' lang='lat' dir='ltr'>divina;</span> <span class='ocrx_word' id='word_1_4' title='bbox 258 193 335 218; x_wconf 92' lang='lat' dir='ltr'>non</span> <span class='ocrx_word' id='word_1_5' title='bbox 351 182 531 227; x_wconf 86' lang='lat' dir='ltr'>carnalia,</span> <span class='ocrx_word' id='word_1_6' title='bbox 551 183 616 219; x_wconf 89' lang='lat' dir='ltr'>sed</span> <span class='ocrx_word' id='word_1_7' title='bbox 638 185 864 230; x_wconf 80' lang='lat' dir='ltr'>spiritualia3</span> 
     </span>
     <span class='ocr_line' id='line_1_3' title="bbox 96 229 869 275; baseline 0.004 -11"><span class='ocrx_word' id='word_1_8' title='bbox 96 229 416 271; x_wconf 69' lang='lat' dir='ltr'>nonterrenased</span> <span class='ocrx_word' id='word_1_9' title='bbox 432 229 720 275; x_wconf 84' lang='lat' dir='ltr'>coelestia.Nam,</span> <span class='ocrx_word' id='word_1_10' title='bbox 732 232 869 267; x_wconf 83' lang='lat' dir='ltr'>utdicit</span> 
     </span>
     <span class='ocr_line' id='line_1_4' title="bbox 95 276 869 323; baseline 0.004 -12"><span class='ocrx_word' id='word_1_11' title='bbox 95 276 196 312; x_wconf 91' lang='lat' dir='ltr'>idem</span> <span class='ocrx_word' id='word_1_12' title='bbox 210 277 407 320; x_wconf 73' lang='lat' dir='ltr'>Oriqenes:</span> <span class='ocrx_word' id='word_1_13' title='bbox 432 290 449 310; x_wconf 86' lang='lat'>«</span> <span class='ocrx_word' id='word_1_14' title='bbox 469 277 624 313; x_wconf 82' lang='lat' dir='ltr'>Omnem</span> <span class='ocrx_word' id='word_1_15' title='bbox 647 279 869 323; x_wconf 89' lang='lat' dir='ltr'>discipulum</span> 
     </span>
     <span class='ocr_line' id='line_1_5' title="bbox 95 324 863 370; baseline -0.001 -12"><span class='ocrx_word' id='word_1_16' title='bbox 95 326 328 368; x_wconf 75' lang='lat' dir='ltr'>peccantem,</span> <span class='ocrx_word' id='word_1_17' title='bbox 347 324 563 360; x_wconf 87' lang='lat' dir='ltr'>scandalum</span> <span class='ocrx_word' id='word_1_18' title='bbox 578 325 649 360; x_wconf 87' lang='lat' dir='ltr'>sibi</span> <span class='ocrx_word' id='word_1_19' title='bbox 667 326 863 370; x_wconf 85' lang='lat' dir='ltr'>appellat.»</span> 
     </span>
     <span class='ocr_line' id='line_1_6' title="bbox 93 371 867 416; baseline 0.004 -11"><span class='ocrx_word' id='word_1_20' title='bbox 93 371 247 406; x_wconf 87' lang='lat' dir='ltr'>Petrum</span> <span class='ocrx_word' id='word_1_21' title='bbox 275 373 414 415; x_wconf 83' lang='lat' dir='ltr'>autem,</span> <span class='ocrx_word' id='word_1_22' title='bbox 436 382 548 416; x_wconf 91' lang='lat' dir='ltr'>quem</span> <span class='ocrx_word' id='word_1_23' title='bbox 582 372 761 407; x_wconf 82' lang='lat' dir='ltr'>Dominus</span> <span class='ocrx_word' id='word_1_24' title='bbox 781 375 867 408; x_wconf 89' lang='lat' dir='ltr'>ante</span> 
     </span>
     <span class='ocr_line' id='line_1_7' title="bbox 94 417 866 463; baseline 0.001 -11"><span class='ocrx_word' id='word_1_25' title='bbox 94 417 146 452; x_wconf 85' lang='lat' dir='ltr'>ita</span> <span class='ocrx_word' id='word_1_26' title='bbox 166 417 486 463; x_wconf 85' lang='lat' dir='ltr'>magnificaverat,</span> <span class='ocrx_word' id='word_1_27' title='bbox 509 419 684 454; x_wconf 85' lang='lat' dir='ltr'>Satanam</span> <span class='ocrx_word' id='word_1_28' title='bbox 709 420 866 460; x_wconf 84' lang='lat' dir='ltr'>vocavit,</span> 
     </span>
     <span class='ocr_line' id='line_1_8' title="bbox 95 465 867 510; baseline 0.001 -11"><span class='ocrx_word' id='word_1_29' title='bbox 95 474 140 500; x_wconf 89' lang='lat' dir='ltr'>eo</span> <span class='ocrx_word' id='word_1_30' title='bbox 171 465 271 510; x_wconf 90' lang='lat' dir='ltr'>quod</span> <span class='ocrx_word' id='word_1_31' title='bbox 299 468 454 510; x_wconf 86' lang='lat' dir='ltr'>propter</span> <span class='ocrx_word' id='word_1_32' title='bbox 484 475 651 500; x_wconf 88' lang='lat' dir='ltr'>amorem</span> <span class='ocrx_word' id='word_1_33' title='bbox 679 466 867 501; x_wconf 87' lang='lat' dir='ltr'>carnalem</span> 
     </span>
     <span class='ocr_line' id='line_1_9' title="bbox 96 511 866 557; baseline 0.001 -11"><span class='ocrx_word' id='word_1_34' title='bbox 96 521 209 557; x_wconf 90' lang='lat' dir='ltr'>quem</span> <span class='ocrx_word' id='word_1_35' title='bbox 230 511 277 547; x_wconf 90' lang='lat' dir='ltr'>ad</span> <span class='ocrx_word' id='word_1_36' title='bbox 292 513 492 546; x_wconf 89' lang='lat' dir='ltr'>Dominum</span> <span class='ocrx_word' id='word_1_37' title='bbox 506 511 681 555; x_wconf 85' lang='lat' dir='ltr'>habebat,</span> <span class='ocrx_word' id='word_1_38' title='bbox 692 513 866 548; x_wconf 81' lang='lat' dir='ltr'>dissuasit</span> 
     </span>
     <span class='ocr_line' id='line_1_10' title="bbox 94 557 864 601; baseline 0.001 -8"><span class='ocrx_word' id='word_1_39' title='bbox 94 557 129 594; x_wconf 89' lang='lat' dir='ltr'>ei</span> <span class='ocrx_word' id='word_1_40' title='bbox 161 557 206 593; x_wconf 91' lang='lat' dir='ltr'>de</span> <span class='ocrx_word' id='word_1_41' title='bbox 238 569 305 594; x_wconf 83' lang='lat' dir='ltr'>sua</span> <span class='ocrx_word' id='word_1_42' title='bbox 337 559 532 601; x_wconf 87' lang='lat' dir='ltr'>Passione,</span> <span class='ocrx_word' id='word_1_43' title='bbox 564 561 603 593; x_wconf 91' lang='lat' dir='ltr'>ut</span> <span class='ocrx_word' id='word_1_44' title='bbox 636 569 710 593; x_wconf 90' lang='lat' dir='ltr'>non</span> <span class='ocrx_word' id='word_1_45' title='bbox 744 558 864 594; x_wconf 85' lang='lat' dir='ltr'>fieret.</span> 
     </span>
     <span class='ocr_line' id='line_1_11' title="bbox 95 604 867 650; baseline 0.001 -10"><span class='ocrx_word' id='word_1_46' title='bbox 95 604 244 641; x_wconf 84' lang='lat' dir='ltr'>Maximi</span> <span class='ocrx_word' id='word_1_47' title='bbox 279 615 441 650; x_wconf 85' lang='lat' dir='ltr'>namque</span> <span class='ocrx_word' id='word_1_48' title='bbox 476 605 620 640; x_wconf 87' lang='lat' dir='ltr'>ardoris</span> <span class='ocrx_word' id='word_1_49' title='bbox 655 608 690 640; x_wconf 93' lang='lat' dir='ltr'>et</span> <span class='ocrx_word' id='word_1_50' title='bbox 727 607 867 641; x_wconf 88' lang='lat' dir='ltr'>amoris</span> 
     </span>
     <span class='ocr_line' id='line_1_12' title="bbox 97 651 867 697; baseline 0.001 -10"><span class='ocrx_word' id='word_1_51' title='bbox 97 651 256 697; x_wconf 76' lang='lat' dir='ltr'>legImus</span> <span class='ocrx_word' id='word_1_52' title='bbox 283 652 392 687; x_wconf 84' lang='lat' dir='ltr'>fuisse</span> <span class='ocrx_word' id='word_1_53' title='bbox 421 652 570 686; x_wconf 88' lang='lat' dir='ltr'>Petrum</span> <span class='ocrx_word' id='word_1_54' title='bbox 601 651 639 685; x_wconf 93' lang='lat' dir='ltr'>in</span> <span class='ocrx_word' id='word_1_55' title='bbox 667 651 867 688; x_wconf 91' lang='lat' dir='ltr'>Dominum</span> 
     </span>
     <span class='ocr_line' id='line_1_13' title="bbox 97 697 867 744; baseline 0.001 -10"><span class='ocrx_word' id='word_1_56' title='bbox 97 699 328 734; x_wconf 87' lang='lat' dir='ltr'>Salvatorem</span> <span class='ocrx_word' id='word_1_57' title='bbox 347 701 527 733; x_wconf 86' lang='lat' dir='ltr'>nostrum.</span> <span class='ocrx_word' id='word_1_58' title='bbox 549 699 593 733; x_wconf 92' lang='lat' dir='ltr'>Ut</span> <span class='ocrx_word' id='word_1_59' title='bbox 611 697 709 733; x_wconf 88' lang='lat' dir='ltr'>enini</span> <span class='ocrx_word' id='word_1_60' title='bbox 730 699 867 744; x_wconf 83' lang='lat' dir='ltr'>legitur</span> 
     </span>
     <span class='ocr_line' id='line_1_14' title="bbox 94 743 866 785; baseline 0.001 -5"><span class='ocrx_word' id='word_1_61' title='bbox 94 745 133 781; x_wconf 89' lang='lat' dir='ltr'>in</span> <span class='ocrx_word' id='word_1_62' title='bbox 156 745 349 780; x_wconf 88' lang='lat' dir='ltr'>itinerario</span> <span class='ocrx_word' id='word_1_63' title='bbox 375 743 590 785; x_wconf 50' lang='lat' dir='ltr'>Clementi&amp;</span> <span class='ocrx_word' id='word_1_64' title='bbox 614 745 746 780; x_wconf 84' lang='lat' dir='ltr'>Petrus</span> <span class='ocrx_word' id='word_1_65' title='bbox 773 747 866 782; x_wconf 72' lang='lat' dir='ltr'>adeo</span> 
     </span>
     <span class='ocr_line' id='line_1_15' title="bbox 94 791 867 835; baseline 0.003 -8"><span class='ocrx_word' id='word_1_66' title='bbox 94 792 329 828; x_wconf 82' lang='lat' dir='ltr'>afficiebatur</span> <span class='ocrx_word' id='word_1_67' title='bbox 370 792 415 827; x_wconf 85' lang='lat' dir='ltr'>ad</span> <span class='ocrx_word' id='word_1_68' title='bbox 458 791 592 828; x_wconf 78' lang='lat' dir='ltr'>Christi</span> <span class='ocrx_word' id='word_1_69' title='bbox 634 793 867 835; x_wconf 82' lang='lat' dir='ltr'>corporalem</span> 
     </span>
     <span class='ocr_line' id='line_1_16' title="bbox 97 838 867 884; baseline 0 -9"><span class='ocrx_word' id='word_1_70' title='bbox 97 841 350 884; x_wconf 84' lang='lat' dir='ltr'>praesentiam,</span> <span class='ocrx_word' id='word_1_71' title='bbox 372 849 482 883; x_wconf 82' lang='lat' dir='ltr'>quain</span> <span class='ocrx_word' id='word_1_72' title='bbox 511 838 779 874; x_wconf 73' lang='lat' dir='ltr'>ferventissime</span> <span class='ocrx_word' id='word_1_73' title='bbox 808 840 867 875; x_wconf 85' lang='lat' dir='ltr'>di-</span> 
     </span>
     <span class='ocr_line' id='line_1_17' title="bbox 96 884 866 931; baseline 0.001 -10"><span class='ocrx_word' id='word_1_74' title='bbox 96 886 248 926; x_wconf 83' lang='lat' dir='ltr'>lexerat,</span> <span class='ocrx_word' id='word_1_75' title='bbox 260 886 358 931; x_wconf 87' lang='lat' dir='ltr'>quod</span> <span class='ocrx_word' id='word_1_76' title='bbox 371 888 452 930; x_wconf 88' lang='lat' dir='ltr'>post</span> <span class='ocrx_word' id='word_1_77' title='bbox 462 884 597 920; x_wconf 75' lang='lat' dir='ltr'>Christi</span> <span class='ocrx_word' id='word_1_78' title='bbox 608 885 866 922; x_wconf 82' lang='lat' dir='ltr'>ascensionem</span> 
     </span>
     <span class='ocr_line' id='line_1_18' title="bbox 96 931 867 978; baseline 0.001 -10"><span class='ocrx_word' id='word_1_79' title='bbox 96 932 402 978; x_wconf 60' lang='lat' dir='ltr'>quotiescumque</span> <span class='ocrx_word' id='word_1_80' title='bbox 417 931 642 967; x_wconf 77' lang='lat' dir='ltr'>dulcissimae</span> <span class='ocrx_word' id='word_1_81' title='bbox 658 933 867 976; x_wconf 70' lang='lat' dir='ltr'>praesentize</span> 
     </span>
     <span class='ocr_line' id='line_1_19' title="bbox 95 978 868 1023; baseline 0 -8"><span class='ocrx_word' id='word_1_82' title='bbox 95 990 138 1015; x_wconf 88' lang='lat' dir='ltr'>ac</span> <span class='ocrx_word' id='word_1_83' title='bbox 156 979 341 1015; x_wconf 84' lang='lat' dir='ltr'>societatis</span> <span class='ocrx_word' id='word_1_84' title='bbox 358 984 395 1014; x_wconf 89' lang='lat' dir='ltr'>et</span> <span class='ocrx_word' id='word_1_85' title='bbox 413 978 645 1013; x_wconf 81' lang='lat' dir='ltr'>allocutionis</span> <span class='ocrx_word' id='word_1_86' title='bbox 664 979 813 1023; x_wconf 88' lang='lat' dir='ltr'>Christi,</span> <span class='ocrx_word' id='word_1_87' title='bbox 832 984 868 1015; x_wconf 91' lang='lat' dir='ltr'>et</span> 
     </span>
     <span class='ocr_line' id='line_1_20' title="bbox 95 1024 868 1063; baseline 0.001 -1"><span class='ocrx_word' id='word_1_88' title='bbox 95 1026 335 1062; x_wconf 64' lang='lat' dir='ltr'>sanctissimas</span> <span class='ocrx_word' id='word_1_89' title='bbox 385 1024 676 1060; x_wconf 84' lang='lat' dir='ltr'>conversationis</span> <span class='ocrx_word' id='word_1_90' title='bbox 724 1036 868 1063; x_wconf 91' lang='lat' dir='ltr'>memor</span> 
     </span>
     <span class='ocr_line' id='line_1_21' title="bbox 96 1072 863 1118; baseline 0 -9"><span class='ocrx_word' id='word_1_91' title='bbox 96 1076 189 1117; x_wconf 87' lang='lat' dir='ltr'>erat,</span> <span class='ocrx_word' id='word_1_92' title='bbox 208 1076 307 1109; x_wconf 83' lang='lat' dir='ltr'>totus</span> <span class='ocrx_word' id='word_1_93' title='bbox 328 1072 365 1107; x_wconf 91' lang='lat' dir='ltr'>in</span> <span class='ocrx_word' id='word_1_94' title='bbox 386 1072 567 1117; x_wconf 81' lang='lat' dir='ltr'>lacrymas</span> <span class='ocrx_word' id='word_1_95' title='bbox 589 1072 863 1118; x_wconf 66' lang='lat' dir='ltr'>resolvebatur3</span> 
     </span>
     <span class='ocr_line' id='line_1_22' title="bbox 94 1119 866 1166; baseline 0.003 -11"><span class='ocrx_word' id='word_1_96' title='bbox 94 1119 146 1155; x_wconf 88' lang='lat' dir='ltr'>ita</span> <span class='ocrx_word' id='word_1_97' title='bbox 166 1124 206 1155; x_wconf 90' lang='lat' dir='ltr'>ut</span> <span class='ocrx_word' id='word_1_98' title='bbox 227 1130 332 1165; x_wconf 72' lang='lat' dir='ltr'>genae</span> <span class='ocrx_word' id='word_1_99' title='bbox 354 1119 431 1163; x_wconf 86' lang='lat' dir='ltr'>ejus</span> <span class='ocrx_word' id='word_1_100' title='bbox 454 1119 594 1154; x_wconf 59' lang='lat' dir='ltr'>adustae</span> <span class='ocrx_word' id='word_1_101' title='bbox 616 1119 866 1166; x_wconf 73' lang='lat' dir='ltr'>lacrymarum</span> 
     </span>
     <span class='ocr_line' id='line_1_23' title="bbox 93 1166 866 1211; baseline 0.001 -9"><span class='ocrx_word' id='word_1_102' title='bbox 93 1167 193 1202; x_wconf 81' lang='lat' dir='ltr'>fluxu</span> <span class='ocrx_word' id='word_1_103' title='bbox 212 1167 438 1201; x_wconf 87' lang='lat' dir='ltr'>viderentur.</span> <span class='ocrx_word' id='word_1_104' title='bbox 460 1166 508 1200; x_wconf 86' lang='lat' dir='ltr'>Ex</span> <span class='ocrx_word' id='word_1_105' title='bbox 529 1166 606 1201; x_wconf 87' lang='lat' dir='ltr'>zelo</span> <span class='ocrx_word' id='word_1_106' title='bbox 629 1166 746 1211; x_wconf 74' lang='lat' dir='ltr'>igitur</span> <span class='ocrx_word' id='word_1_107' title='bbox 765 1168 866 1203; x_wconf 90' lang='lat' dir='ltr'>Chri-</span> 
     </span>
     <span class='ocr_line' id='line_1_24' title="bbox 95 1211 864 1259; baseline 0.001 -10"><span class='ocrx_word' id='word_1_108' title='bbox 95 1213 141 1249; x_wconf 87' lang='lat' dir='ltr'>sti</span> <span class='ocrx_word' id='word_1_109' title='bbox 158 1214 306 1249; x_wconf 85' lang='lat' dir='ltr'>volebat</span> <span class='ocrx_word' id='word_1_110' title='bbox 322 1211 504 1258; x_wconf 77' lang='lat' dir='ltr'>impedire</span> <span class='ocrx_word' id='word_1_111' title='bbox 524 1213 604 1258; x_wconf 87' lang='lat' dir='ltr'>ejus</span> <span class='ocrx_word' id='word_1_112' title='bbox 626 1214 864 1259; x_wconf 88' lang='lat' dir='ltr'>Passionem;</span> 
     </span>
     <span class='ocr_line' id='line_1_25' title="bbox 95 1259 864 1306; baseline 0.004 -11"><span class='ocrx_word' id='word_1_113' title='bbox 95 1264 132 1296; x_wconf 87' lang='lat' dir='ltr'>et</span> <span class='ocrx_word' id='word_1_114' title='bbox 164 1260 251 1306; x_wconf 87' lang='lat' dir='ltr'>quia</span> <span class='ocrx_word' id='word_1_115' title='bbox 285 1261 352 1295; x_wconf 81' lang='lat' dir='ltr'>iste</span> <span class='ocrx_word' id='word_1_116' title='bbox 386 1259 484 1294; x_wconf 85' lang='lat' dir='ltr'>zelus</span> <span class='ocrx_word' id='word_1_117' title='bbox 516 1264 596 1295; x_wconf 86' lang='lat' dir='ltr'>erat</span> <span class='ocrx_word' id='word_1_118' title='bbox 628 1260 864 1306; x_wconf 78' lang='lat' dir='ltr'>indiscretus,</span> 
     </span>
     <span class='ocr_line' id='line_1_26' title="bbox 94 1306 867 1354; baseline 0.001 -11"><span class='ocrx_word' id='word_1_119' title='bbox 94 1317 182 1343; x_wconf 90' lang='lat' dir='ltr'>nam</span> <span class='ocrx_word' id='word_1_120' title='bbox 203 1307 336 1342; x_wconf 82' lang='lat' dir='ltr'>Christi</span> <span class='ocrx_word' id='word_1_121' title='bbox 362 1306 488 1342; x_wconf 77' lang='lat' dir='ltr'>Passio</span> <span class='ocrx_word' id='word_1_122' title='bbox 521 1310 601 1341; x_wconf 86' lang='lat' dir='ltr'>erat</span> <span class='ocrx_word' id='word_1_123' title='bbox 630 1318 651 1342; x_wconf 90' lang='lat' dir='ltr'>a</span> <span class='ocrx_word' id='word_1_124' title='bbox 673 1308 746 1343; x_wconf 89' lang='lat' dir='ltr'>Deo</span> <span class='ocrx_word' id='word_1_125' title='bbox 777 1319 867 1354; x_wconf 84' lang='lat' dir='ltr'>prae-</span> 
     </span>
     <span class='ocr_line' id='line_1_27' title="bbox 96 1353 863 1400; baseline 0.003 -11"><span class='ocrx_word' id='word_1_126' title='bbox 96 1354 268 1389; x_wconf 81' lang='lat' dir='ltr'>ordinata</span> <span class='ocrx_word' id='word_1_127' title='bbox 287 1354 334 1389; x_wconf 83' lang='lat' dir='ltr'>ad</span> <span class='ocrx_word' id='word_1_128' title='bbox 358 1353 509 1388; x_wconf 85' lang='lat' dir='ltr'>humani</span> <span class='ocrx_word' id='word_1_129' title='bbox 528 1355 675 1399; x_wconf 84' lang='lat' dir='ltr'>generis</span> <span class='ocrx_word' id='word_1_130' title='bbox 693 1355 863 1400; x_wconf 86' lang='lat' dir='ltr'>salutem,</span> 
     </span>
     <span class='ocr_line' id='line_1_28' title="bbox 93 1400 862 1445; baseline 0.005 -10"><span class='ocrx_word' id='word_1_131' title='bbox 93 1400 178 1436; x_wconf 87' lang='lat' dir='ltr'>ideo</span> <span class='ocrx_word' id='word_1_132' title='bbox 203 1402 333 1436; x_wconf 82' lang='lat' dir='ltr'>duram</span> <span class='ocrx_word' id='word_1_133' title='bbox 358 1401 493 1435; x_wconf 85' lang='lat' dir='ltr'>meruit</span> <span class='ocrx_word' id='word_1_134' title='bbox 519 1401 862 1445; x_wconf 80' lang='lat' dir='ltr'>reprehensionem.</span> 
     </span>
     <span class='ocr_line' id='line_1_29' title="bbox 95 1447 866 1493; baseline 0.004 -11"><span class='ocrx_word' id='word_1_135' title='bbox 95 1447 188 1490; x_wconf 87' lang='lat' dir='ltr'>Quia</span> <span class='ocrx_word' id='word_1_136' title='bbox 205 1458 293 1493; x_wconf 79' lang='lat' dir='ltr'>ergo</span> <span class='ocrx_word' id='word_1_137' title='bbox 312 1448 488 1483; x_wconf 82' lang='lat' dir='ltr'>affectum</span> <span class='ocrx_word' id='word_1_138' title='bbox 510 1458 584 1482; x_wconf 90' lang='lat' dir='ltr'>non</span> <span class='ocrx_word' id='word_1_139' title='bbox 604 1449 801 1493; x_wconf 84' lang='lat' dir='ltr'>regulavit,</span> <span class='ocrx_word' id='word_1_140' title='bbox 824 1454 866 1486; x_wconf 89' lang='lat' dir='ltr'>ut</span> 
     </span>
     <span class='ocr_line' id='line_1_30' title="bbox 93 1494 865 1540; baseline 0.006 -12"><span class='ocrx_word' id='word_1_141' title='bbox 93 1494 205 1529; x_wconf 89' lang='lat' dir='ltr'>vellet</span> <span class='ocrx_word' id='word_1_142' title='bbox 219 1496 317 1540; x_wconf 83' lang='lat' dir='ltr'>quod</span> <span class='ocrx_word' id='word_1_143' title='bbox 332 1495 498 1530; x_wconf 85' lang='lat' dir='ltr'>Christus</span> <span class='ocrx_word' id='word_1_144' title='bbox 509 1494 656 1530; x_wconf 79' lang='lat' dir='ltr'>volebat</span> <span class='ocrx_word' id='word_1_145' title='bbox 668 1507 676 1539; x_wconf 93' lang='lat'>;</span> <span class='ocrx_word' id='word_1_146' title='bbox 689 1499 725 1531; x_wconf 89' lang='lat' dir='ltr'>et</span> <span class='ocrx_word' id='word_1_147' title='bbox 739 1497 865 1533; x_wconf 87' lang='lat' dir='ltr'>volun-</span> 
     </span>
     <span class='ocr_line' id='line_1_31' title="bbox 92 1543 862 1580; baseline 0.006 -5"><span class='ocrx_word' id='word_1_148' title='bbox 92 1543 206 1576; x_wconf 86' lang='lat' dir='ltr'>tatem</span> <span class='ocrx_word' id='word_1_149' title='bbox 218 1552 322 1577; x_wconf 84' lang='lat' dir='ltr'>suain</span> <span class='ocrx_word' id='word_1_150' title='bbox 336 1553 407 1577; x_wconf 90' lang='lat' dir='ltr'>non</span> <span class='ocrx_word' id='word_1_151' title='bbox 421 1543 669 1579; x_wconf 77' lang='lat' dir='ltr'>conformavit</span> <span class='ocrx_word' id='word_1_152' title='bbox 681 1544 862 1580; x_wconf 82' lang='lat' dir='ltr'>voluntati</span> 
     </span>
     <span class='ocr_line' id='line_1_32' title="bbox 95 1586 859 1635; baseline 0.008 -14"><span class='ocrx_word' id='word_1_153' title='bbox 95 1586 242 1632; x_wconf 83' lang='lat' dir='ltr'>divinae,</span> <span class='ocrx_word' id='word_1_154' title='bbox 265 1590 323 1625; x_wconf 86' lang='lat' dir='ltr'>eui</span> <span class='ocrx_word' id='word_1_155' title='bbox 342 1590 531 1625; x_wconf 86' lang='lat' dir='ltr'>adversari</span> <span class='ocrx_word' id='word_1_156' title='bbox 554 1590 763 1635; x_wconf 79' lang='lat' dir='ltr'>videbatur,</span> <span class='ocrx_word' id='word_1_157' title='bbox 784 1602 859 1627; x_wconf 90' lang='lat' dir='ltr'>me-</span> 
     </span>
     <span class='ocr_line' id='line_1_33' title="bbox 94 1635 865 1683; baseline 0.006 -14"><span class='ocrx_word' id='word_1_158' title='bbox 94 1635 168 1669; x_wconf 88' lang='lat' dir='ltr'>rito</span> <span class='ocrx_word' id='word_1_159' title='bbox 191 1636 490 1681; x_wconf 80' lang='lat' dir='ltr'>reprelienditur,</span> <span class='ocrx_word' id='word_1_160' title='bbox 507 1642 543 1672; x_wconf 89' lang='lat' dir='ltr'>et</span> <span class='ocrx_word' id='word_1_161' title='bbox 565 1639 734 1683; x_wconf 89' lang='lat' dir='ltr'>Satanas,</span> <span class='ocrx_word' id='word_1_162' title='bbox 754 1639 790 1673; x_wconf 85' lang='lat' dir='ltr'>id</span> <span class='ocrx_word' id='word_1_163' title='bbox 811 1643 865 1675; x_wconf 86' lang='lat' dir='ltr'>est</span> 
     </span>
     <span class='ocr_line' id='line_1_34' title="bbox 95 1681 862 1731; baseline 0.008 -15"><span class='ocrx_word' id='word_1_164' title='bbox 95 1681 327 1719; x_wconf 81' lang='lat' dir='ltr'>adversarius</span> <span class='ocrx_word' id='word_1_165' title='bbox 341 1711 350 1727; x_wconf 93' lang='lat'>,</span> <span class='ocrx_word' id='word_1_166' title='bbox 389 1685 612 1729; x_wconf 82' lang='lat' dir='ltr'>appellatur.</span> <span class='ocrx_word' id='word_1_167' title='bbox 653 1687 729 1721; x_wconf 92' lang='lat' dir='ltr'>Hoc</span> <span class='ocrx_word' id='word_1_168' title='bbox 773 1696 862 1731; x_wconf 84' lang='lat' dir='ltr'>ergo</span> 
     </span>
     <span class='ocr_line' id='line_1_35' title="bbox 95 1729 862 1778; baseline 0.009 -16"><span class='ocrx_word' id='word_1_169' title='bbox 95 1729 261 1775; x_wconf 81' lang='lat' dir='ltr'>exemplo</span> <span class='ocrx_word' id='word_1_170' title='bbox 297 1731 441 1767; x_wconf 87' lang='lat' dir='ltr'>Domini</span> <span class='ocrx_word' id='word_1_171' title='bbox 474 1731 614 1768; x_wconf 81' lang='lat' dir='ltr'>habeas</span> <span class='ocrx_word' id='word_1_172' title='bbox 651 1735 688 1768; x_wconf 89' lang='lat' dir='ltr'>et</span> <span class='ocrx_word' id='word_1_173' title='bbox 722 1736 763 1768; x_wconf 83' lang='lat' dir='ltr'>tu</span> <span class='ocrx_word' id='word_1_174' title='bbox 797 1743 862 1778; x_wconf 87' lang='lat' dir='ltr'>pro</span> 
     </span>
    </p>
   </div>
   <div class='ocr_carea' id='block_1_3' title="bbox 835 117 1211 152">
    <p class='ocr_par' dir='ltr' id='par_1_3' title="bbox 835 117 1211 152">
     <span class='ocr_line' id='line_1_36' title="bbox 835 117 1211 152; baseline 0.008 -3"><span class='ocrx_word' id='word_1_175' title='bbox 835 117 993 151; x_wconf 84' lang='lat' dir='ltr'><strong>PARTIS</strong></span> <span class='ocrx_word' id='word_1_176' title='bbox 1032 117 1164 152; x_wconf 81' lang='lat' dir='ltr'>CAPUT</span> <span class='ocrx_word' id='word_1_177' title='bbox 1200 120 1211 152; x_wconf 94' lang='lat' dir='ltr'>l</span> 
     </span>
    </p>
   </div>
   <div class='ocr_carea' id='block_1_4' title="bbox 933 186 1718 1785">
    <p class='ocr_par' dir='ltr' id='par_1_4' title="bbox 937 186 1717 517">
     <span class='ocr_line' id='line_1_37' title="bbox 937 186 1715 240; baseline 0.013 -19"><span class='ocrx_word' id='word_1_178' title='bbox 937 186 1163 223; x_wconf 82' lang='lat' dir='ltr'>adversariis</span> <span class='ocrx_word' id='word_1_179' title='bbox 1190 199 1319 226; x_wconf 89' lang='lat' dir='ltr'>omnes</span> <span class='ocrx_word' id='word_1_180' title='bbox 1345 191 1411 237; x_wconf 91' lang='lat' dir='ltr'>qui</span> <span class='ocrx_word' id='word_1_181' title='bbox 1438 202 1505 237; x_wconf 88' lang='lat' dir='ltr'>pro</span> <span class='ocrx_word' id='word_1_182' title='bbox 1527 194 1715 240; x_wconf 85' lang='lat' dir='ltr'>corporali</span> 
     </span>
     <span class='ocr_line' id='line_1_38' title="bbox 937 234 1717 278; baseline 0.012 -9"><span class='ocrx_word' id='word_1_183' title='bbox 937 234 1176 270; x_wconf 77' lang='lat' dir='ltr'>alleviatione</span> <span class='ocrx_word' id='word_1_184' title='bbox 1194 240 1231 270; x_wconf 88' lang='lat' dir='ltr'>et</span> <span class='ocrx_word' id='word_1_185' title='bbox 1250 238 1503 276; x_wconf 84' lang='lat' dir='ltr'>consolatione</span> <span class='ocrx_word' id='word_1_186' title='bbox 1520 251 1542 276; x_wconf 89' lang='lat' dir='ltr'>a</span> <span class='ocrx_word' id='word_1_187' title='bbox 1561 241 1661 277; x_wconf 81' lang='lat' dir='ltr'>bono</span> <span class='ocrx_word' id='word_1_188' title='bbox 1681 247 1717 278; x_wconf 85' lang='lat' dir='ltr'>et</span> 
     </span>
     <span class='ocr_line' id='line_1_39' title="bbox 937 280 1712 326; baseline 0.014 -12"><span class='ocrx_word' id='word_1_189' title='bbox 937 280 1495 326; x_wconf 80' lang='lat' dir='ltr'>exercitiospiritualitevellent</span> <span class='ocrx_word' id='word_1_190' title='bbox 1505 289 1712 325; x_wconf 84' lang='lat' dir='ltr'>retrahere.</span> 
     </span>
     <span class='ocr_line' id='line_1_40' title="bbox 938 328 1714 381; baseline 0.013 -19"><span class='ocrx_word' id='word_1_191' title='bbox 938 328 1040 363; x_wconf 80' lang='lat' dir='ltr'>Sicut</span> <span class='ocrx_word' id='word_1_192' title='bbox 1059 331 1184 364; x_wconf 87' lang='lat' dir='ltr'>autem</span> <span class='ocrx_word' id='word_1_193' title='bbox 1206 330 1359 366; x_wconf 88' lang='lat' dir='ltr'>Petrum</span> <span class='ocrx_word' id='word_1_194' title='bbox 1385 343 1497 378; x_wconf 87' lang='lat' dir='ltr'>quem</span> <span class='ocrx_word' id='word_1_195' title='bbox 1523 339 1610 371; x_wconf 89' lang='lat' dir='ltr'>ante</span> <span class='ocrx_word' id='word_1_196' title='bbox 1630 347 1714 381; x_wconf 88' lang='lat' dir='ltr'>pro-</span> 
     </span>
     <span class='ocr_line' id='line_1_41' title="bbox 938 374 1715 422; baseline 0.013 -13"><span class='ocrx_word' id='word_1_197' title='bbox 938 374 1038 410; x_wconf 88' lang='lat' dir='ltr'>bavit</span> <span class='ocrx_word' id='word_1_198' title='bbox 1058 375 1116 410; x_wconf 86' lang='lat' dir='ltr'>hie</span> <span class='ocrx_word' id='word_1_199' title='bbox 1136 376 1302 422; x_wconf 85' lang='lat' dir='ltr'>increpat</span> <span class='ocrx_word' id='word_1_200' title='bbox 1318 390 1327 419; x_wconf 89' lang='lat'>;</span> <span class='ocrx_word' id='word_1_201' title='bbox 1346 380 1397 414; x_wconf 88' lang='lat' dir='ltr'>sic</span> <span class='ocrx_word' id='word_1_202' title='bbox 1414 391 1523 416; x_wconf 89' lang='lat' dir='ltr'>nemo</span> <span class='ocrx_word' id='word_1_203' title='bbox 1546 383 1593 417; x_wconf 87' lang='lat' dir='ltr'>ob</span> <span class='ocrx_word' id='word_1_204' title='bbox 1616 383 1715 419; x_wconf 89' lang='lat' dir='ltr'>bona</span> 
     </span>
     <span class='ocr_line' id='line_1_42' title="bbox 937 421 1711 475; baseline 0.014 -20"><span class='ocrx_word' id='word_1_205' title='bbox 937 421 1037 467; x_wconf 87' lang='lat' dir='ltr'>prius</span> <span class='ocrx_word' id='word_1_206' title='bbox 1056 422 1155 458; x_wconf 83' lang='lat' dir='ltr'>sacta</span> <span class='ocrx_word' id='word_1_207' title='bbox 1170 424 1344 460; x_wconf 90' lang='lat' dir='ltr'>immunis</span> <span class='ocrx_word' id='word_1_208' title='bbox 1360 427 1406 461; x_wconf 92' lang='lat' dir='ltr'>sit</span> <span class='ocrx_word' id='word_1_209' title='bbox 1420 437 1442 462; x_wconf 87' lang='lat' dir='ltr'>a</span> <span class='ocrx_word' id='word_1_210' title='bbox 1459 428 1711 475; x_wconf 85' lang='lat' dir='ltr'>correptione,</span> 
     </span>
     <span class='ocr_line' id='line_1_43' title="bbox 937 471 1429 517; baseline 0.014 -15"><span class='ocrx_word' id='word_1_211' title='bbox 937 472 1090 514; x_wconf 87' lang='lat' dir='ltr'>propter</span> <span class='ocrx_word' id='word_1_212' title='bbox 1108 471 1206 506; x_wconf 84' lang='lat' dir='ltr'>mala</span> <span class='ocrx_word' id='word_1_213' title='bbox 1224 482 1309 517; x_wconf 85' lang='lat' dir='ltr'>quae</span> <span class='ocrx_word' id='word_1_214' title='bbox 1326 472 1429 509; x_wconf 85' lang='lat' dir='ltr'>facit.</span> 
     </span>
    </p>

    <p class='ocr_par' dir='ltr' id='par_1_5' title="bbox 933 517 1718 1785">
     <span class='ocr_line' id='line_1_44' title="bbox 988 517 1714 560; baseline 0.015 -10"><span class='ocrx_word' id='word_1_215' title='bbox 988 519 1027 551; x_wconf 83' lang='lat'>15</span> <span class='ocrx_word' id='word_1_216' title='bbox 1053 517 1091 551; x_wconf 62' lang='lat' dir='ltr'>[x</span> <span class='ocrx_word' id='word_1_217' title='bbox 1117 528 1226 553; x_wconf 67' lang='lat' dir='ltr'>ennea</span> <span class='ocrx_word' id='word_1_218' title='bbox 1252 520 1384 556; x_wconf 63' lang='lat' dir='ltr'>Domni</span> <span class='ocrx_word' id='word_1_219' title='bbox 1405 531 1646 560; x_wconf 76' lang='lat' dir='ltr'><strong>GLORIANDUM.</strong></span> <span class='ocrx_word' id='word_1_220' title='bbox 1669 545 1714 551; x_wconf 91' lang='lat'><strong>—</strong></span> 
     </span>
     <span class='ocr_line' id='line_1_45' title="bbox 936 563 1714 610; baseline 0.015 -14"><span class='ocrx_word' id='word_1_221' title='bbox 936 563 1015 597; x_wconf 91' lang='lat' dir='ltr'>Non</span> <span class='ocrx_word' id='word_1_222' title='bbox 1044 567 1098 598; x_wconf 88' lang='lat' dir='ltr'>est</span> <span class='ocrx_word' id='word_1_223' title='bbox 1121 575 1209 610; x_wconf 85' lang='lat' dir='ltr'>ergo</span> <span class='ocrx_word' id='word_1_224' title='bbox 1233 565 1272 601; x_wconf 86' lang='lat' dir='ltr'>in</span> <span class='ocrx_word' id='word_1_225' title='bbox 1305 577 1414 603; x_wconf 89' lang='lat' dir='ltr'>cruce</span> <span class='ocrx_word' id='word_1_226' title='bbox 1436 569 1583 606; x_wconf 91' lang='lat' dir='ltr'>Domini</span> <span class='ocrx_word' id='word_1_227' title='bbox 1604 582 1714 608; x_wconf 81' lang='lat' dir='ltr'>vere·</span> 
     </span>
     <span class='ocr_line' id='line_1_46' title="bbox 936 609 1713 663; baseline 0.014 -19"><span class='ocrx_word' id='word_1_228' title='bbox 936 609 1193 655; x_wconf 80' lang='lat' dir='ltr'>cundandum,</span> <span class='ocrx_word' id='word_1_229' title='bbox 1213 613 1277 648; x_wconf 90' lang='lat' dir='ltr'>sed</span> <span class='ocrx_word' id='word_1_230' title='bbox 1307 615 1429 659; x_wconf 88' lang='lat' dir='ltr'>potius</span> <span class='ocrx_word' id='word_1_231' title='bbox 1459 616 1713 663; x_wconf 78' lang='lat' dir='ltr'>glorIandum,</span> 
     </span>
     <span class='ocr_line' id='line_1_47' title="bbox 936 657 1714 708; baseline 0.013 -17"><span class='ocrx_word' id='word_1_232' title='bbox 936 657 1024 702; x_wconf 88' lang='lat' dir='ltr'>quia</span> <span class='ocrx_word' id='word_1_233' title='bbox 1062 661 1116 692; x_wconf 92' lang='lat' dir='ltr'>est</span> <span class='ocrx_word' id='word_1_234' title='bbox 1156 663 1293 695; x_wconf 78' lang='lat' dir='ltr'>nostrae</span> <span class='ocrx_word' id='word_1_235' title='bbox 1326 662 1454 697; x_wconf 87' lang='lat' dir='ltr'>salutis</span> <span class='ocrx_word' id='word_1_236' title='bbox 1488 664 1636 708; x_wconf 84' lang='lat' dir='ltr'>signum</span> <span class='ocrx_word' id='word_1_237' title='bbox 1676 669 1714 700; x_wconf 89' lang='lat' dir='ltr'>et</span> 
     </span>
     <span class='ocr_line' id='line_1_48' title="bbox 936 704 1711 754; baseline 0.012 -16"><span class='ocrx_word' id='word_1_238' title='bbox 936 704 1119 740; x_wconf 89' lang='lat' dir='ltr'>honorum</span> <span class='ocrx_word' id='word_1_239' title='bbox 1134 710 1347 743; x_wconf 88' lang='lat' dir='ltr'>nostrorum</span> <span class='ocrx_word' id='word_1_240' title='bbox 1359 709 1595 754; x_wconf 88' lang='lat' dir='ltr'>principium.</span> <span class='ocrx_word' id='word_1_241' title='bbox 1607 711 1711 747; x_wconf 86' lang='lat' dir='ltr'>Unde</span> 
     </span>
     <span class='ocr_line' id='line_1_49' title="bbox 938 751 1714 798; baseline 0.009 -11"><span class='ocrx_word' id='word_1_242' title='bbox 938 751 1209 795; x_wconf 51' lang='lat' dir='ltr'>Chryso-stemus</span> <span class='ocrx_word' id='word_1_243' title='bbox 1231 766 1241 788; x_wconf 88' lang='lat'><strong>:</strong></span> <span class='ocrx_word' id='word_1_244' title='bbox 1267 769 1279 786; x_wconf 88' lang='lat'>«</span> <span class='ocrx_word' id='word_1_245' title='bbox 1304 756 1348 790; x_wconf 88' lang='lat' dir='ltr'>Ut</span> <span class='ocrx_word' id='word_1_246' title='bbox 1366 766 1555 798; x_wconf 84' lang='lat' dir='ltr'>eoronam,</span> <span class='ocrx_word' id='word_1_247' title='bbox 1572 757 1623 793; x_wconf 85' lang='lat' dir='ltr'>ita</span> <span class='ocrx_word' id='word_1_248' title='bbox 1642 759 1714 794; x_wconf 89' lang='lat' dir='ltr'>cir-</span> 
     </span>
     <span class='ocr_line' id='line_1_50' title="bbox 936 798 1714 841; baseline 0.01 -8"><span class='ocrx_word' id='word_1_249' title='bbox 936 798 1186 834; x_wconf 76' lang='lat' dir='ltr'>cumferamus</span> <span class='ocrx_word' id='word_1_250' title='bbox 1213 811 1362 837; x_wconf 88' lang='lat' dir='ltr'>crucem</span> <span class='ocrx_word' id='word_1_251' title='bbox 1393 802 1544 839; x_wconf 79' lang='lat' dir='ltr'>Christi.</span> <span class='ocrx_word' id='word_1_252' title='bbox 1565 805 1714 841; x_wconf 86' lang='lat' dir='ltr'>Etenim</span> 
     </span>
     <span class='ocr_line' id='line_1_51' title="bbox 936 846 1711 897; baseline 0.012 -18"><span class='ocrx_word' id='word_1_253' title='bbox 936 846 1064 881; x_wconf 91' lang='lat' dir='ltr'>omnia</span> <span class='ocrx_word' id='word_1_254' title='bbox 1084 856 1166 891; x_wconf 71' lang='lat' dir='ltr'>quae</span> <span class='ocrx_word' id='word_1_255' title='bbox 1189 849 1395 884; x_wconf 85' lang='lat' dir='ltr'>seeundum</span> <span class='ocrx_word' id='word_1_256' title='bbox 1425 860 1493 885; x_wconf 90' lang='lat' dir='ltr'>nos</span> <span class='ocrx_word' id='word_1_257' title='bbox 1520 856 1620 895; x_wconf 82' lang='lat' dir='ltr'>sunt,</span> <span class='ocrx_word' id='word_1_258' title='bbox 1645 862 1711 897; x_wconf 89' lang='lat' dir='ltr'>per</span> 
     </span>
     <span class='ocr_line' id='line_1_52' title="bbox 935 891 1716 942; baseline 0.012 -16"><span class='ocrx_word' id='word_1_259' title='bbox 935 891 1052 938; x_wconf 84' lang='lat' dir='ltr'>ipsam</span> <span class='ocrx_word' id='word_1_260' title='bbox 1079 894 1346 937; x_wconf 82' lang='lat' dir='ltr'>perficiuntur:</span> <span class='ocrx_word' id='word_1_261' title='bbox 1378 899 1414 931; x_wconf 93' lang='lat' dir='ltr'>et</span> <span class='ocrx_word' id='word_1_262' title='bbox 1443 896 1472 931; x_wconf 91' lang='lat' dir='ltr'>si</span> <span class='ocrx_word' id='word_1_263' title='bbox 1499 899 1716 942; x_wconf 81' lang='lat' dir='ltr'>regenerari</span> 
     </span>
     <span class='ocr_line' id='line_1_53' title="bbox 935 942 1712 990; baseline 0.009 -16"><span class='ocrx_word' id='word_1_264' title='bbox 935 943 1127 985; x_wconf 84' lang='lat' dir='ltr'>oporteat,</span> <span class='ocrx_word' id='word_1_265' title='bbox 1158 952 1245 976; x_wconf 82' lang='lat' dir='ltr'>crux</span> <span class='ocrx_word' id='word_1_266' title='bbox 1278 942 1446 986; x_wconf 83' lang='lat' dir='ltr'>accedit3</span> <span class='ocrx_word' id='word_1_267' title='bbox 1476 947 1512 978; x_wconf 88' lang='lat' dir='ltr'>et</span> <span class='ocrx_word' id='word_1_268' title='bbox 1546 946 1575 979; x_wconf 90' lang='lat' dir='ltr'>si</span> <span class='ocrx_word' id='word_1_269' title='bbox 1613 945 1712 990; x_wconf 88' lang='lat' dir='ltr'>pasci</span> 
     </span>
     <span class='ocr_line' id='line_1_54' title="bbox 936 987 1716 1035; baseline 0.009 -15"><span class='ocrx_word' id='word_1_270' title='bbox 936 988 1091 1033; x_wconf 74' lang='lat' dir='ltr'>mystico</span> <span class='ocrx_word' id='word_1_271' title='bbox 1111 987 1172 1022; x_wconf 88' lang='lat' dir='ltr'>illo</span> <span class='ocrx_word' id='word_1_272' title='bbox 1198 988 1294 1032; x_wconf 88' lang='lat' dir='ltr'>cibo,</span> <span class='ocrx_word' id='word_1_273' title='bbox 1318 992 1354 1024; x_wconf 91' lang='lat' dir='ltr'>et</span> <span class='ocrx_word' id='word_1_274' title='bbox 1374 991 1403 1024; x_wconf 93' lang='lat' dir='ltr'>si</span> <span class='ocrx_word' id='word_1_275' title='bbox 1427 991 1654 1035; x_wconf 73' lang='lat' dir='ltr'>consecrari,</span> <span class='ocrx_word' id='word_1_276' title='bbox 1680 997 1716 1027; x_wconf 90' lang='lat' dir='ltr'>et</span> 
     </span>
     <span class='ocr_line' id='line_1_55' title="bbox 936 1034 1718 1084; baseline 0.008 -15"><span class='ocrx_word' id='word_1_277' title='bbox 936 1034 1201 1079; x_wconf 85' lang='lat' dir='ltr'>quodcumque</span> <span class='ocrx_word' id='word_1_278' title='bbox 1245 1036 1347 1071; x_wconf 90' lang='lat' dir='ltr'>aliud</span> <span class='ocrx_word' id='word_1_279' title='bbox 1387 1036 1509 1072; x_wconf 86' lang='lat' dir='ltr'>faeere</span> <span class='ocrx_word' id='word_1_280' title='bbox 1526 1066 1534 1082; x_wconf 92' lang='lat'>,</span> <span class='ocrx_word' id='word_1_281' title='bbox 1578 1039 1718 1084; x_wconf 86' lang='lat' dir='ltr'>ubique</span> 
     </span>
     <span class='ocr_line' id='line_1_56' title="bbox 935 1081 1717 1129; baseline 0.009 -15"><span class='ocrx_word' id='word_1_282' title='bbox 935 1081 1166 1126; x_wconf 77' lang='lat' dir='ltr'>symbolum,</span> <span class='ocrx_word' id='word_1_283' title='bbox 1203 1081 1241 1116; x_wconf 88' lang='lat' dir='ltr'>id</span> <span class='ocrx_word' id='word_1_284' title='bbox 1274 1087 1330 1118; x_wconf 89' lang='lat' dir='ltr'>est</span> <span class='ocrx_word' id='word_1_285' title='bbox 1364 1084 1511 1129; x_wconf 76' lang='lat' dir='ltr'>signum</span> <span class='ocrx_word' id='word_1_286' title='bbox 1549 1086 1717 1122; x_wconf 84' lang='lat' dir='ltr'>vietoriae</span> 
     </span>
     <span class='ocr_line' id='line_1_57' title="bbox 936 1126 1714 1178; baseline 0.009 -17"><span class='ocrx_word' id='word_1_287' title='bbox 936 1126 1043 1162; x_wconf 82' lang='lat' dir='ltr'>nohis</span> <span class='ocrx_word' id='word_1_288' title='bbox 1060 1128 1209 1163; x_wconf 85' lang='lat' dir='ltr'>assistit.</span> <span class='ocrx_word' id='word_1_289' title='bbox 1225 1130 1382 1174; x_wconf 86' lang='lat' dir='ltr'>Propter</span> <span class='ocrx_word' id='word_1_290' title='bbox 1397 1131 1466 1165; x_wconf 89' lang='lat' dir='ltr'>hoc</span> <span class='ocrx_word' id='word_1_291' title='bbox 1482 1136 1519 1166; x_wconf 90' lang='lat' dir='ltr'>et</span> <span class='ocrx_word' id='word_1_292' title='bbox 1536 1132 1572 1167; x_wconf 93' lang='lat' dir='ltr'>in</span> <span class='ocrx_word' id='word_1_293' title='bbox 1587 1132 1714 1178; x_wconf 87' lang='lat' dir='ltr'>domo,</span> 
     </span>
     <span class='ocr_line' id='line_1_58' title="bbox 936 1175 1714 1222; baseline 0.009 -14"><span class='ocrx_word' id='word_1_294' title='bbox 936 1177 972 1209; x_wconf 94' lang='lat' dir='ltr'>et</span> <span class='ocrx_word' id='word_1_295' title='bbox 994 1175 1030 1209; x_wconf 90' lang='lat' dir='ltr'>in</span> <span class='ocrx_word' id='word_1_296' title='bbox 1052 1175 1182 1219; x_wconf 88' lang='lat' dir='ltr'>muris,</span> <span class='ocrx_word' id='word_1_297' title='bbox 1200 1180 1236 1210; x_wconf 86' lang='lat' dir='ltr'>et</span> <span class='ocrx_word' id='word_1_298' title='bbox 1253 1175 1291 1211; x_wconf 90' lang='lat' dir='ltr'>in</span> <span class='ocrx_word' id='word_1_299' title='bbox 1308 1177 1446 1222; x_wconf 88' lang='lat' dir='ltr'>januis,</span> <span class='ocrx_word' id='word_1_300' title='bbox 1467 1182 1504 1213; x_wconf 90' lang='lat' dir='ltr'>et</span> <span class='ocrx_word' id='word_1_301' title='bbox 1523 1178 1561 1213; x_wconf 93' lang='lat' dir='ltr'>in</span> <span class='ocrx_word' id='word_1_302' title='bbox 1579 1179 1714 1221; x_wconf 85' lang='lat' dir='ltr'>fronte,</span> 
     </span>
     <span class='ocr_line' id='line_1_59' title="bbox 935 1220 1716 1262; baseline 0.006 -5"><span class='ocrx_word' id='word_1_303' title='bbox 935 1225 971 1257; x_wconf 86' lang='lat' dir='ltr'>et</span> <span class='ocrx_word' id='word_1_304' title='bbox 985 1220 1023 1256; x_wconf 90' lang='lat' dir='ltr'>in</span> <span class='ocrx_word' id='word_1_305' title='bbox 1043 1226 1166 1257; x_wconf 78' lang='lat' dir='ltr'>mente</span> <span class='ocrx_word' id='word_1_306' title='bbox 1183 1232 1267 1258; x_wconf 90' lang='lat' dir='ltr'>cum</span> <span class='ocrx_word' id='word_1_307' title='bbox 1285 1225 1402 1258; x_wconf 88' lang='lat' dir='ltr'>multo</span> <span class='ocrx_word' id='word_1_308' title='bbox 1420 1225 1663 1262; x_wconf 82' lang='lat' dir='ltr'>inscribimus</span> <span class='ocrx_word' id='word_1_309' title='bbox 1678 1226 1716 1262; x_wconf 92' lang='lat' dir='ltr'>id</span> 
     </span>
     <span class='ocr_line' id='line_1_60' title="bbox 935 1269 1716 1317; baseline 0.008 -15"><span class='ocrx_word' id='word_1_310' title='bbox 935 1269 1082 1313; x_wconf 61' lang='lat' dir='ltr'>stulli03</span> <span class='ocrx_word' id='word_1_311' title='bbox 1107 1269 1235 1304; x_wconf 87' lang='lat' dir='ltr'>salutis</span> <span class='ocrx_word' id='word_1_312' title='bbox 1266 1271 1367 1306; x_wconf 91' lang='lat' dir='ltr'>enim</span> <span class='ocrx_word' id='word_1_313' title='bbox 1399 1281 1482 1316; x_wconf 74' lang='lat' dir='ltr'>quae</span> <span class='ocrx_word' id='word_1_314' title='bbox 1513 1283 1578 1317; x_wconf 87' lang='lat' dir='ltr'>pro</span> <span class='ocrx_word' id='word_1_315' title='bbox 1608 1273 1716 1308; x_wconf 86' lang='lat' dir='ltr'>nobis</span> 
     </span>
     <span class='ocr_line' id='line_1_61' title="bbox 935 1316 1715 1363; baseline 0.006 -13"><span class='ocrx_word' id='word_1_316' title='bbox 935 1319 1003 1359; x_wconf 88' lang='lat' dir='ltr'>est,</span> <span class='ocrx_word' id='word_1_317' title='bbox 1022 1316 1089 1350; x_wconf 89' lang='lat' dir='ltr'>hoc</span> <span class='ocrx_word' id='word_1_318' title='bbox 1110 1319 1166 1351; x_wconf 89' lang='lat' dir='ltr'>est</span> <span class='ocrx_word' id='word_1_319' title='bbox 1185 1321 1351 1352; x_wconf 86' lang='lat' dir='ltr'>nostrum</span> <span class='ocrx_word' id='word_1_320' title='bbox 1372 1317 1537 1363; x_wconf 80' lang='lat' dir='ltr'>signum.</span> <span class='ocrx_word' id='word_1_321' title='bbox 1557 1319 1715 1362; x_wconf 86' lang='lat' dir='ltr'>Quando</span> 
     </span>
     <span class='ocr_line' id='line_1_62' title="bbox 934 1362 1716 1410; baseline 0.008 -14"><span class='ocrx_word' id='word_1_322' title='bbox 934 1362 1049 1408; x_wconf 86' lang='lat' dir='ltr'>igitur</span> <span class='ocrx_word' id='word_1_323' title='bbox 1069 1362 1243 1408; x_wconf 70' lang='lat' dir='ltr'>signaris,</span> <span class='ocrx_word' id='word_1_324' title='bbox 1263 1365 1431 1410; x_wconf 79' lang='lat' dir='ltr'>excogita</span> <span class='ocrx_word' id='word_1_325' title='bbox 1456 1376 1607 1401; x_wconf 86' lang='lat' dir='ltr'>omnem</span> <span class='ocrx_word' id='word_1_326' title='bbox 1630 1377 1716 1402; x_wconf 90' lang='lat' dir='ltr'>con-</span> 
     </span>
     <span class='ocr_line' id='line_1_63' title="bbox 937 1409 1716 1457; baseline 0.008 -14"><span class='ocrx_word' id='word_1_327' title='bbox 937 1409 1115 1445; x_wconf 84' lang='lat' dir='ltr'>ditionem</span> <span class='ocrx_word' id='word_1_328' title='bbox 1151 1410 1294 1455; x_wconf 86' lang='lat' dir='ltr'>crucis,</span> <span class='ocrx_word' id='word_1_329' title='bbox 1329 1412 1385 1446; x_wconf 91' lang='lat' dir='ltr'>vel</span> <span class='ocrx_word' id='word_1_330' title='bbox 1421 1422 1571 1447; x_wconf 87' lang='lat' dir='ltr'>causam</span> <span class='ocrx_word' id='word_1_331' title='bbox 1591 1424 1601 1457; x_wconf 87' lang='lat'>;</span> <span class='ocrx_word' id='word_1_332' title='bbox 1639 1423 1716 1449; x_wconf 89' lang='lat' dir='ltr'>non</span> 
     </span>
     <span class='ocr_line' id='line_1_64' title="bbox 936 1456 1713 1505; baseline 0.005 -14"><span class='ocrx_word' id='word_1_333' title='bbox 936 1457 1034 1491; x_wconf 88' lang='lat' dir='ltr'>enim</span> <span class='ocrx_word' id='word_1_334' title='bbox 1056 1456 1276 1501; x_wconf 85' lang='lat' dir='ltr'>simpliciter</span> <span class='ocrx_word' id='word_1_335' title='bbox 1297 1458 1413 1504; x_wconf 83' lang='lat' dir='ltr'>digito</span> <span class='ocrx_word' id='word_1_336' title='bbox 1436 1459 1609 1505; x_wconf 80' lang='lat' dir='ltr'>insigniri</span> <span class='ocrx_word' id='word_1_337' title='bbox 1630 1470 1713 1496; x_wconf 91' lang='lat' dir='ltr'>eam</span> 
     </span>
     <span class='ocr_line' id='line_1_65' title="bbox 935 1505 1712 1549; baseline 0.006 -12"><span class='ocrx_word' id='word_1_338' title='bbox 935 1505 1170 1547; x_wconf 82' lang='lat' dir='ltr'>oportet‚sed</span> <span class='ocrx_word' id='word_1_339' title='bbox 1184 1515 1267 1540; x_wconf 84' lang='lat' dir='ltr'>cum</span> <span class='ocrx_word' id='word_1_340' title='bbox 1284 1508 1401 1540; x_wconf 86' lang='lat' dir='ltr'>multa</span> <span class='ocrx_word' id='word_1_341' title='bbox 1416 1505 1514 1549; x_wconf 82' lang='lat' dir='ltr'>fi‹le;</span> <span class='ocrx_word' id='word_1_342' title='bbox 1538 1510 1573 1541; x_wconf 89' lang='lat' dir='ltr'>et</span> <span class='ocrx_word' id='word_1_343' title='bbox 1588 1508 1712 1542; x_wconf 90' lang='lat' dir='ltr'>nullus</span> 
     </span>
     <span class='ocr_line' id='line_1_66' title="bbox 934 1553 1711 1596; baseline 0.005 -12"><span class='ocrx_word' id='word_1_344' title='bbox 934 1561 1049 1595; x_wconf 85' lang='lat' dir='ltr'>prope</span> <span class='ocrx_word' id='word_1_345' title='bbox 1070 1553 1106 1586; x_wconf 85' lang='lat' dir='ltr'>te</span> <span class='ocrx_word' id='word_1_346' title='bbox 1134 1555 1233 1586; x_wconf 87' lang='lat' dir='ltr'>stare</span> <span class='ocrx_word' id='word_1_347' title='bbox 1267 1553 1401 1596; x_wconf 88' lang='lat' dir='ltr'>poterit</span> <span class='ocrx_word' id='word_1_348' title='bbox 1428 1554 1711 1589; x_wconf 84' lang='lat' dir='ltr'>immundorum</span> 
     </span>
     <span class='ocr_line' id='line_1_67' title="bbox 935 1597 1712 1645; baseline 0.005 -14"><span class='ocrx_word' id='word_1_349' title='bbox 935 1598 1162 1641; x_wconf 54' lang='lat' dir='ltr'>daemonum,</span> <span class='ocrx_word' id='word_1_350' title='bbox 1183 1597 1313 1633; x_wconf 74' lang='lat' dir='ltr'>videns</span> <span class='ocrx_word' id='word_1_351' title='bbox 1337 1610 1464 1634; x_wconf 87' lang='lat' dir='ltr'>ensem</span> <span class='ocrx_word' id='word_1_352' title='bbox 1485 1604 1522 1634; x_wconf 88' lang='lat' dir='ltr'>et</span> <span class='ocrx_word' id='word_1_353' title='bbox 1542 1601 1712 1645; x_wconf 78' lang='lat' dir='ltr'>gladium</span> 
     </span>
     <span class='ocr_line' id='line_1_68' title="bbox 934 1644 1710 1691; baseline 0.005 -13"><span class='ocrx_word' id='word_1_354' title='bbox 934 1644 971 1679; x_wconf 91' lang='lat' dir='ltr'>in</span> <span class='ocrx_word' id='word_1_355' title='bbox 999 1654 1072 1689; x_wconf 88' lang='lat' dir='ltr'>quo</span> <span class='ocrx_word' id='word_1_356' title='bbox 1093 1645 1241 1691; x_wconf 81' lang='lat' dir='ltr'>plagam</span> <span class='ocrx_word' id='word_1_357' title='bbox 1269 1649 1306 1680; x_wconf 88' lang='lat' dir='ltr'>et</span> <span class='ocrx_word' id='word_1_358' title='bbox 1331 1646 1549 1691; x_wconf 72' lang='lat' dir='ltr'>pestiferum</span> <span class='ocrx_word' id='word_1_359' title='bbox 1573 1648 1710 1682; x_wconf 82' lang='lat' dir='ltr'>vulnrs</span> 
     </span>
     <span class='ocr_line' id='line_1_69' title="bbox 933 1692 1713 1738; baseline 0.005 -13"><span class='ocrx_word' id='word_1_360' title='bbox 933 1692 1090 1736; x_wconf 88' lang='lat' dir='ltr'>accepit,</span> <span class='ocrx_word' id='word_1_361' title='bbox 1128 1697 1164 1727; x_wconf 86' lang='lat' dir='ltr'>et</span> <span class='ocrx_word' id='word_1_362' title='bbox 1198 1702 1304 1728; x_wconf 89' lang='lat' dir='ltr'>arma</span> <span class='ocrx_word' id='word_1_363' title='bbox 1341 1702 1408 1738; x_wconf 91' lang='lat' dir='ltr'>per</span> <span class='ocrx_word' id='word_1_364' title='bbox 1442 1703 1525 1738; x_wconf 84' lang='lat' dir='ltr'>quae</span> <span class='ocrx_word' id='word_1_365' title='bbox 1561 1703 1713 1729; x_wconf 89' lang='lat' dir='ltr'>omnem</span> 
     </span>
     <span class='ocr_line' id='line_1_70' title="bbox 933 1738 1582 1785; baseline 0.003 -13"><span class='ocrx_word' id='word_1_366' title='bbox 933 1738 1109 1774; x_wconf 80' lang='lat' dir='ltr'>virtutem</span> <span class='ocrx_word' id='word_1_367' title='bbox 1129 1739 1208 1785; x_wconf 85' lang='lat' dir='ltr'>ejus</span> <span class='ocrx_word' id='word_1_368' title='bbox 1226 1739 1396 1775; x_wconf 85' lang='lat' dir='ltr'>Christus</span> <span class='ocrx_word' id='word_1_369' title='bbox 1414 1740 1538 1776; x_wconf 90' lang='lat' dir='ltr'>solvit.</span> <span class='ocrx_word' id='word_1_370' title='bbox 1565 1753 1582 1774; x_wconf 85' lang='lat'>»</span> 
     </span>
    </p>
   </div>
   <div class='ocr_carea' id='block_1_5' title="bbox 818 1867 989 1903">
    <p class='ocr_par' dir='ltr' id='par_1_6' title="bbox 818 1867 989 1903">
     <span class='ocr_line' id='line_1_71' title="bbox 818 1867 989 1903; baseline 0 0"><span class='ocrx_word' id='word_1_371' title='bbox 818 1867 989 1903; x_wconf 77' lang='lat' dir='ltr'><strong>ORATIO</strong></span> 
     </span>
    </p>
   </div>
   <div class='ocr_carea' id='block_1_6' title="bbox 88 1979 1715 2361">
    <p class='ocr_par' dir='ltr' id='par_1_7' title="bbox 88 1979 1715 2361">
     <span class='ocr_line' id='line_1_72' title="bbox 136 1979 1710 2035; baseline 0.007 -21"><span class='ocrx_word' id='word_1_372' title='bbox 136 1979 292 2015; x_wconf 86' lang='lat' dir='ltr'>Domine</span> <span class='ocrx_word' id='word_1_373' title='bbox 311 1983 397 2017; x_wconf 91' lang='lat' dir='ltr'>Jesu</span> <span class='ocrx_word' id='word_1_374' title='bbox 419 1982 576 2026; x_wconf 83' lang='lat' dir='ltr'>Christe,</span> <span class='ocrx_word' id='word_1_375' title='bbox 595 1995 705 2030; x_wconf 88' lang='lat' dir='ltr'>quem</span> <span class='ocrx_word' id='word_1_376' title='bbox 726 1986 856 2021; x_wconf 77' lang='lat' dir='ltr'>heatus</span> <span class='ocrx_word' id='word_1_377' title='bbox 877 1987 1008 2022; x_wconf 87' lang='lat' dir='ltr'>Petrus</span> <span class='ocrx_word' id='word_1_378' title='bbox 1030 1997 1159 2022; x_wconf 92' lang='lat' dir='ltr'>verum</span> <span class='ocrx_word' id='word_1_379' title='bbox 1183 1988 1248 2022; x_wconf 91' lang='lat' dir='ltr'>Dei</span> <span class='ocrx_word' id='word_1_380' title='bbox 1270 1987 1406 2022; x_wconf 87' lang='lat' dir='ltr'>Filium</span> <span class='ocrx_word' id='word_1_381' title='bbox 1428 1991 1484 2022; x_wconf 88' lang='lat' dir='ltr'>est</span> <span class='ocrx_word' id='word_1_382' title='bbox 1502 1989 1710 2035; x_wconf 88' lang='lat' dir='ltr'>consessus,</span> 
     </span>
     <span class='ocr_line' id='line_1_73' title="bbox 88 2029 1714 2078; baseline 0.006 -17"><span class='ocrx_word' id='word_1_383' title='bbox 88 2029 126 2061; x_wconf 90' lang='lat' dir='ltr'>te</span> <span class='ocrx_word' id='word_1_384' title='bbox 147 2036 308 2071; x_wconf 77' lang='lat' dir='ltr'>quoque,</span> <span class='ocrx_word' id='word_1_385' title='bbox 321 2039 387 2073; x_wconf 82' lang='lat' dir='ltr'>ego</span> <span class='ocrx_word' id='word_1_386' title='bbox 406 2029 594 2074; x_wconf 73' lang='lat' dir='ltr'>indignus,</span> <span class='ocrx_word' id='word_1_387' title='bbox 608 2035 686 2067; x_wconf 90' lang='lat' dir='ltr'>toto</span> <span class='ocrx_word' id='word_1_388' title='bbox 709 2033 819 2068; x_wconf 83' lang='lat' dir='ltr'>corde</span> <span class='ocrx_word' id='word_1_389' title='bbox 837 2036 874 2068; x_wconf 89' lang='lat' dir='ltr'>et</span> <span class='ocrx_word' id='word_1_390' title='bbox 891 2044 954 2068; x_wconf 88' lang='lat' dir='ltr'>ore</span> <span class='ocrx_word' id='word_1_391' title='bbox 973 2034 1167 2077; x_wconf 74' lang='lat' dir='ltr'>confiteor,</span> <span class='ocrx_word' id='word_1_392' title='bbox 1185 2034 1273 2078; x_wconf 83' lang='lat' dir='ltr'>quia</span> <span class='ocrx_word' id='word_1_393' title='bbox 1290 2036 1329 2068; x_wconf 89' lang='lat' dir='ltr'>tu</span> <span class='ocrx_word' id='word_1_394' title='bbox 1347 2044 1387 2069; x_wconf 88' lang='lat' dir='ltr'>es</span> <span class='ocrx_word' id='word_1_395' title='bbox 1404 2035 1577 2070; x_wconf 87' lang='lat' dir='ltr'>Christus</span> <span class='ocrx_word' id='word_1_396' title='bbox 1600 2036 1714 2072; x_wconf 85' lang='lat' dir='ltr'>Filius</span> 
     </span>
     <span class='ocr_line' id='line_1_74' title="bbox 90 2072 1714 2126; baseline 0.007 -19"><span class='ocrx_word' id='word_1_397' title='bbox 90 2072 156 2108; x_wconf 89' lang='lat' dir='ltr'>Dei</span> <span class='ocrx_word' id='word_1_398' title='bbox 176 2073 247 2108; x_wconf 88' lang='lat' dir='ltr'>vivi</span> <span class='ocrx_word' id='word_1_399' title='bbox 263 2076 393 2109; x_wconf 70' lang='lat' dir='ltr'>{eterni</span> <span class='ocrx_word' id='word_1_400' title='bbox 413 2086 420 2118; x_wconf 94' lang='grc'>;</span> <span class='ocrx_word' id='word_1_401' title='bbox 449 2080 484 2110; x_wconf 88' lang='lat' dir='ltr'>et</span> <span class='ocrx_word' id='word_1_402' title='bbox 505 2087 593 2122; x_wconf 77' lang='lat' dir='ltr'>rogo</span> <span class='ocrx_word' id='word_1_403' title='bbox 616 2082 662 2117; x_wconf 87' lang='lat' dir='ltr'>te,</span> <span class='ocrx_word' id='word_1_404' title='bbox 685 2080 838 2115; x_wconf 86' lang='lat' dir='ltr'>Domine</span> <span class='ocrx_word' id='word_1_405' title='bbox 860 2081 1163 2124; x_wconf 83' lang='lat' dir='ltr'>clementissime,</span> <span class='ocrx_word' id='word_1_406' title='bbox 1185 2081 1233 2115; x_wconf 81' lang='lat' dir='ltr'>da</span> <span class='ocrx_word' id='word_1_407' title='bbox 1253 2080 1345 2115; x_wconf 87' lang='lat' dir='ltr'>mihi</span> <span class='ocrx_word' id='word_1_408' title='bbox 1366 2085 1405 2116; x_wconf 89' lang='lat' dir='ltr'>ut</span> <span class='ocrx_word' id='word_1_409' title='bbox 1431 2092 1548 2126; x_wconf 85' lang='lat' dir='ltr'>opere</span> <span class='ocrx_word' id='word_1_410' title='bbox 1568 2088 1603 2118; x_wconf 90' lang='lat' dir='ltr'>te</span> <span class='ocrx_word' id='word_1_411' title='bbox 1624 2094 1714 2119; x_wconf 94' lang='lat' dir='ltr'>con-</span> 
     </span>
     <span class='ocr_line' id='line_1_75' title="bbox 88 2119 1714 2173; baseline 0.007 -20"><span class='ocrx_word' id='word_1_412' title='bbox 88 2119 212 2162; x_wconf 91' lang='lat' dir='ltr'>fitear,</span> <span class='ocrx_word' id='word_1_413' title='bbox 233 2123 268 2154; x_wconf 88' lang='lat' dir='ltr'>et</span> <span class='ocrx_word' id='word_1_414' title='bbox 296 2120 401 2156; x_wconf 84' lang='lat' dir='ltr'>saetis</span> <span class='ocrx_word' id='word_1_415' title='bbox 423 2133 497 2157; x_wconf 90' lang='lat' dir='ltr'>non</span> <span class='ocrx_word' id='word_1_416' title='bbox 526 2124 698 2168; x_wconf 79' lang='lat' dir='ltr'>negando</span> <span class='ocrx_word' id='word_1_417' title='bbox 724 2125 846 2161; x_wconf 86' lang='lat' dir='ltr'>fidelis</span> <span class='ocrx_word' id='word_1_418' title='bbox 879 2126 1063 2171; x_wconf 86' lang='lat' dir='ltr'>inveniar,</span> <span class='ocrx_word' id='word_1_419' title='bbox 1085 2131 1269 2173; x_wconf 84' lang='lat' dir='ltr'>quatenus</span> <span class='ocrx_word' id='word_1_420' title='bbox 1289 2127 1590 2164; x_wconf 79' lang='lat' dir='ltr'>benedictionem</span> <span class='ocrx_word' id='word_1_421' title='bbox 1610 2133 1714 2166; x_wconf 87' lang='lat' dir='ltr'>tuam</span> 
     </span>
     <span class='ocr_line' id='line_1_76' title="bbox 89 2170 1715 2220; baseline 0.007 -20"><span class='ocrx_word' id='word_1_422' title='bbox 89 2176 296 2211; x_wconf 85' lang='lat' dir='ltr'>consequar</span> <span class='ocrx_word' id='word_1_423' title='bbox 322 2178 405 2203; x_wconf 87' lang='lat' dir='ltr'>cum</span> <span class='ocrx_word' id='word_1_424' title='bbox 437 2170 559 2213; x_wconf 87' lang='lat' dir='ltr'>Petro,</span> <span class='ocrx_word' id='word_1_425' title='bbox 582 2181 624 2205; x_wconf 88' lang='lat' dir='ltr'>ac</span> <span class='ocrx_word' id='word_1_426' title='bbox 654 2172 786 2207; x_wconf 86' lang='lat' dir='ltr'>firmus</span> <span class='ocrx_word' id='word_1_427' title='bbox 811 2173 849 2208; x_wconf 92' lang='lat' dir='ltr'>in</span> <span class='ocrx_word' id='word_1_428' title='bbox 872 2174 945 2209; x_wconf 83' lang='lat' dir='ltr'>fide</span> <span class='ocrx_word' id='word_1_429' title='bbox 975 2177 1012 2209; x_wconf 89' lang='lat' dir='ltr'>et</span> <span class='ocrx_word' id='word_1_430' title='bbox 1041 2184 1153 2218; x_wconf 88' lang='lat' dir='ltr'>opere</span> <span class='ocrx_word' id='word_1_431' title='bbox 1175 2185 1414 2219; x_wconf 86' lang='lat' dir='ltr'>permaneam</span> <span class='ocrx_word' id='word_1_432' title='bbox 1436 2185 1519 2210; x_wconf 85' lang='lat' dir='ltr'>cum</span> <span class='ocrx_word' id='word_1_433' title='bbox 1541 2175 1636 2220; x_wconf 86' lang='lat' dir='ltr'>ipso.</span> <span class='ocrx_word' id='word_1_434' title='bbox 1662 2178 1715 2213; x_wconf 82' lang='lat' dir='ltr'>Da</span> 
     </span>
     <span class='ocr_line' id='line_1_77' title="bbox 89 2214 1713 2268; baseline 0.007 -22"><span class='ocrx_word' id='word_1_435' title='bbox 89 2214 202 2248; x_wconf 89' lang='lat' dir='ltr'>etiam</span> <span class='ocrx_word' id='word_1_436' title='bbox 228 2214 330 2257; x_wconf 88' lang='lat' dir='ltr'>inihi,</span> <span class='ocrx_word' id='word_1_437' title='bbox 355 2216 430 2250; x_wconf 85' lang='lat' dir='ltr'>Rex</span> <span class='ocrx_word' id='word_1_438' title='bbox 452 2225 555 2250; x_wconf 88' lang='lat' dir='ltr'>meus</span> <span class='ocrx_word' id='word_1_439' title='bbox 574 2222 610 2251; x_wconf 87' lang='lat' dir='ltr'>et</span> <span class='ocrx_word' id='word_1_440' title='bbox 640 2218 733 2253; x_wconf 86' lang='lat' dir='ltr'>Deus</span> <span class='ocrx_word' id='word_1_441' title='bbox 752 2230 870 2264; x_wconf 85' lang='lat' dir='ltr'>meus,</span> <span class='ocrx_word' id='word_1_442' title='bbox 892 2225 932 2256; x_wconf 91' lang='lat' dir='ltr'>ut</span> <span class='ocrx_word' id='word_1_443' title='bbox 953 2220 1213 2256; x_wconf 83' lang='lat' dir='ltr'>conformitate</span> <span class='ocrx_word' id='word_1_444' title='bbox 1242 2221 1442 2257; x_wconf 86' lang='lat' dir='ltr'>voluntatis</span> <span class='ocrx_word' id='word_1_445' title='bbox 1465 2227 1499 2257; x_wconf 86' lang='lat' dir='ltr'>te</span> <span class='ocrx_word' id='word_1_446' title='bbox 1521 2225 1713 2268; x_wconf 89' lang='lat' dir='ltr'>sequendo</span> 
     </span>
     <span class='ocr_line' id='line_1_78' title="bbox 90 2259 1714 2311; baseline 0.007 -18"><span class='ocrx_word' id='word_1_447' title='bbox 90 2259 366 2304; x_wconf 84' lang='lat' dir='ltr'>beneplacitum</span> <span class='ocrx_word' id='word_1_448' title='bbox 394 2265 499 2297; x_wconf 90' lang='lat' dir='ltr'>tuum</span> <span class='ocrx_word' id='word_1_449' title='bbox 524 2262 561 2298; x_wconf 89' lang='lat' dir='ltr'>in</span> <span class='ocrx_word' id='word_1_450' title='bbox 577 2264 752 2300; x_wconf 86' lang='lat' dir='ltr'>omnihus</span> <span class='ocrx_word' id='word_1_451' title='bbox 766 2268 972 2311; x_wconf 85' lang='lat' dir='ltr'>perficiam,</span> <span class='ocrx_word' id='word_1_452' title='bbox 992 2279 1035 2303; x_wconf 86' lang='lat' dir='ltr'>ae</span> <span class='ocrx_word' id='word_1_453' title='bbox 1052 2269 1266 2303; x_wconf 83' lang='lat' dir='ltr'>omnimode</span> <span class='ocrx_word' id='word_1_454' title='bbox 1292 2270 1339 2303; x_wconf 85' lang='lat' dir='ltr'>ab</span> <span class='ocrx_word' id='word_1_455' title='bbox 1364 2268 1508 2304; x_wconf 81' lang='lat' dir='ltr'>offensa</span> <span class='ocrx_word' id='word_1_456' title='bbox 1523 2273 1586 2305; x_wconf 85' lang='lat' dir='ltr'>tua</span> <span class='ocrx_word' id='word_1_457' title='bbox 1602 2270 1714 2306; x_wconf 82' lang='lat' dir='ltr'>absti-</span> 
     </span>
     <span class='ocr_line' id='line_1_79' title="bbox 89 2307 1392 2361; baseline 0.009 -21"><span class='ocrx_word' id='word_1_458' title='bbox 89 2315 219 2349; x_wconf 83' lang='lat' dir='ltr'>neam3</span> <span class='ocrx_word' id='word_1_459' title='bbox 249 2310 285 2341; x_wconf 91' lang='lat' dir='ltr'>et</span> <span class='ocrx_word' id='word_1_460' title='bbox 307 2307 359 2342; x_wconf 86' lang='lat' dir='ltr'>sie</span> <span class='ocrx_word' id='word_1_461' title='bbox 380 2318 497 2354; x_wconf 85' lang='lat' dir='ltr'>usque</span> <span class='ocrx_word' id='word_1_462' title='bbox 516 2311 553 2344; x_wconf 90' lang='lat' dir='ltr'>in</span> <span class='ocrx_word' id='word_1_463' title='bbox 574 2310 702 2356; x_wconf 83' lang='lat' dir='ltr'>tinem,</span> <span class='ocrx_word' id='word_1_464' title='bbox 718 2315 754 2348; x_wconf 85' lang='lat' dir='ltr'>te</span> <span class='ocrx_word' id='word_1_465' title='bbox 772 2316 968 2361; x_wconf 73' lang='lat' dir='ltr'>largiente,</span> <span class='ocrx_word' id='word_1_466' title='bbox 992 2325 1241 2361; x_wconf 84' lang='lat' dir='ltr'>perseverem.</span> <span class='ocrx_word' id='word_1_467' title='bbox 1260 2316 1392 2352; x_wconf 84' lang='lat' dir='ltr'>Amen.</span> 
     </span>
    </p>
   </div>
  </div>
 </body>
</html>
