1907 3139
212 212 272 247 292

212 285 414 321 adventum
436 282 516 330 ejus
542 281 590 318 ad
610 280 794 328 judicium
815 279 980 325 particu-

210 332 290 369 lare
309 331 345 367 in
368 336 501 375 morte,
523 329 582 366 vel
603 328 778 375 generale
796 327 834 362 in
854 337 979 362 resur-

207 378 389 423 rectione,
418 388 500 414 cum
526 378 659 412 timore
688 379 724 411 et
751 385 878 410 amore
917 385 979 409 ex-

208 430 439 473 spectemus3
470 424 564 460 sicut
590 422 732 468 antiqui
767 423 896 457 Patres
920 432 980 456 ex-

205 474 424 520 spectabant
442 482 527 508 eum
540 474 738 506 venturum
759 470 797 503 in
816 478 978 504 carnem.

204 523 254 557 Et
272 531 333 556 vos
357 530 447 566 ergo
468 520 605 554 similes
627 516 831 553 hominibus
853 526 981 561 61133166-

207 568 389 604 mantibus
425 567 609 602 dominum
641 575 760 607 suum,
796 562 982 598 Christum

204 614 370 662 judicem
392 613 545 658 scilicet,
567 612 712 657 quando
737 613 941 645 revertatur
960 621 982 645 a

207 664 349 708 nuptiis
363 690 371 706 ,
413 670 523 706 quem
569 660 664 695 bene
707 660 980 704 exspectamus,

210 709 299 745 dum
332 708 379 745 ad
410 708 490 753 ejus
519 706 720 742 adventum
746 704 785 740 in
808 704 982 741 omnibus

209 755 459 801 nosmetipsos
476 763 747 800 praeparamus.

257 817 274 839 2
298 804 516 838 Rssrmssimo
536 812 614 841 Qus«.
633 811 750 835 MANET
772 809 982 834 vleiLANTEs

209 862 251 886 ET
271 852 413 886 Douixo
431 859 660 884 APERIENTES.
685 867 728 872 —
757 848 802 882 Ut
825 857 903 881 cum
923 856 981 880 ve-

209 899 304 933 nevit
326 901 358 932 et
374 897 590 942 pulsaverit,
612 895 799 937 confestim
815 894 983 938 aperiant

209 946 254 986 ei,
274 943 312 979 id
331 948 387 979 est
408 942 620 988 aperiamus
639 940 787 976 Christo
806 943 843 975 et
861 941 983 984 ipsum

208 992 394 1036 suscipere
407 988 529 1035 parati
541 988 671 1023 simus.
687 986 754 1023 Ubi
766 987 981 1030 Greqorius:

211 1052 225 1071 «
249 1038 305 1073 Ad
324 1036 472 1082 nuptias
499 1035 650 1081 quidem
676 1033 857 1069 Dominus
877 1033 981 1077 abiit,

209 1095 293 1121 cum
319 1093 518 1128 resurgens
551 1092 573 1117 a
603 1080 772 1124 mortuis,
798 1084 834 1115 et
856 1090 983 1115 ascen-

211 1133 302 1167 dens
323 1131 361 1166 in
389 1132 522 1165 coelum
543 1138 746 1174 supernam
767 1126 840 1163 sibi
860 1129 983 1172 Ange-

210 1180 332 1215 lorum
350 1175 630 1213 multitudinem
650 1185 770 1210 novus
791 1174 902 1209 homo
927 1184 984 1209 co-

210 1225 366 1272 pulavit.
390 1224 457 1268 Qui
479 1228 567 1258 tuuc
583 1225 795 1264 revertitur,
816 1232 900 1256 cum
925 1231 984 1256 no-

212 1275 268 1310 bis
288 1283 356 1319 per
373 1271 554 1318 judicium
577 1269 852 1305 manifestatur.
875 1267 986 1304 Venit

211 1320 364 1366 quippe,
394 1329 476 1354 cum
510 1317 762 1362 adjudicium
789 1318 982 1361 properut3

212 1368 334 1414 pulsat
355 1376 441 1401 vero
464 1375 546 1400 cum
565 1365 643 1409 jam
662 1374 728 1409 per
751 1361 986 1408 aegritudinis

215 1413 406 1450 molestias
423 1417 581 1447 mortem
603 1421 684 1445 esse
705 1409 864 1444 vicinam
885 1409 985 1444 desi-

215 1468 316 1507 gnat.
335 1460 398 1496 Cui
415 1458 609 1495 confestim
622 1457 826 1503 aperimus,
843 1456 872 1491 si
887 1458 986 1491 hunc

215 1519 299 1544 eum
322 1508 454 1542 timore
475 1504 710 1550 suscipimus.
730 1503 884 1548 Aperire
905 1509 984 1538 ete-

215 1555 294 1591 nim
311 1554 429 1590 ι11111161
449 1553 612 1599 pulsanti
633 1562 707 1586 non
728 1551 818 1594 vult,
835 1550 896 1596 qui
916 1549 988 1585 exi-

214 1613 255 1638 re
295 1602 340 1637 de
379 1611 536 1646 corpore
571 1598 746 1644 trepidat,
786 1602 823 1633 et
861 1597 986 1632 videre

214 1660 313 1692 eum,
336 1658 446 1693 quem
473 1644 740 1689 contempsisse
777 1655 816 1679 se
847 1644 986 1679 meini—

212 1696 282 1741 nit,
304 1694 475 1731 Judicem
499 1692 686 1728 formidat.
710 1690 781 1734 Qui
798 1697 922 1727 autem
943 1693 986 1726 116

213 1753 283 1780 sua
316 1752 380 1788 spe
409 1745 445 1776 et
484 1741 703 1786 operatione
737 1748 889 1774 securus
916 1742 985 1782 cst,

212 1788 378 1836 pulsanti
400 1786 595 1823 confestim
615 1786 748 1832 aperit,
773 1785 858 1830 quia
878 1785 987 1821 laetus

212 1837 383 1874 Judicem
401 1834 582 1877 sustinet;
601 1836 636 1868 et
648 1842 732 1868 cum
747 1836 896 1878 tempus
908 1842 988 1877 pro-

214 1884 367 1931 pinquae
391 1883 523 1918 mortis
555 1880 763 1927 agnoverit,
796 1881 841 1915 (le
868 1878 988 1924 gloria

212 1930 502 1966 resurrectionis
521 1926 710 1963 hilarescit
731 1938 740 1962 ι
764 1939 782 1960 i)
804 1926 884 1961 haec
905 1927 988 1962 Gre-

211 1981 350 2024 gorius.
397 1976 495 2012 Talis
537 1974 674 2020 quippe
709 1976 833 2020 potest
864 1973 988 2009 dicere

214 2036 299 2061 cum
318 2022 495 2069 Apostolo
520 2033 527 2057 ε
550 2023 661 2067 Cupio
680 2021 845 2062 dissolvi,
862 2024 894 2056 et
916 2031 989 2055 esse

217 2084 297 2108 cum
321 2073 475 2108 Christo.
505 2068 572 2112 Qui
604 2068 787 2113 ejusmodi
810 2072 878 2111 est,
906 2078 988 2103 om-

219 2119 328 2155 nibus
353 2119 462 2162 liujus
483 2115 611 2151 mundi
634 2115 800 2150 felicibus
824 2118 879 2150 est
900 2114 989 2150 ieli-

221 2168 312 2210 cior,
333 2169 369 2200 et
388 2164 578 2209 regalibus
595 2162 769 2207 regalior.
790 2162 894 2197 Unde
911 2166 988 2196 Λη-

218 2215 350 2248 selmus
385 2224 394 2245 :
418 2226 433 2244 «
458 2212 533 2245 lloc
558 2219 669 2244 unum
693 2210 788 2251 dico,
817 2210 990 2244 omnibus

219 2260 330 2305 hujus
347 2257 476 2294 mundi
491 2260 668 2302 praestare
690 2255 844 2299 deliciis,
869 2256 989 2291 hono-

219 2307 337 2350 ribus,
360 2310 471 2350 atque
495 2303 646 2346 divitiis,-
669 2302 699 2337 si
726 2304 772 2338 ob
800 2304 989 2338 conscien-

218 2354 280 2389 tiae
298 2352 551 2394 serenitatem,
564 2350 650 2385 fidei
664 2349 893 2394 firmitatem,
910 2349 988 2395 spei

217 2399 479 2437 certitudinem
499 2402 654 2433 mortem
675 2408 751 2432 non
772 2397 984 2432 timeamus.

217 2447 322 2491 Quod
349 2446 411 2481 ille
449 2445 586 2491 poterit
618 2443 778 2479 maxime
812 2443 984 2490 experiri,

216 2494 279 2541 qui
300 2494 424 2538 aliquo
446 2497 615 2537 tempore
634 2493 699 2526 sub
720 2492 790 2526 hac
807 2493 985 2526 servitute

214 2541 419 2587 suspirans,
448 2540 495 2574 ad
531 2537 713 2573 liberioris
746 2537 984 2573 conscientiae

214 2599 326 2624 auras
347 2586 476 2622 evasit.
511 2587 573 2620 Hae
604 2588 690 2620 sunt
715 2585 848 2620 futurae
868 2585 984 2620 beati-

211 2634 352 2672 tudiuis
376 2637 512 2669 nostrae
532 2631 707 2677 priinitiae
729 2632 925 2675 salutares,
944 2635 984 2667 ut

211 2688 332 2719 morte
345 2680 646 2727 superveniente,
666 2681 876 2714 naturalem
893 2679 981 2714 hor-

209 2740 336 2766 rorem
367 2729 462 2764 fides
489 2732 651 2772 superet,
677 2736 758 2771 spes
782 2728 978 2771 temperet,

211 2775 438 2814 conscientia
458 2784 552 2822 pura
571 2772 746 2819 repellat:
764 2786 782 2805 »
806 2773 886 2808 haec
903 2774 980 2808 Αη-

211 2826 354 2861 selmus.
377 2822 448 2860 Sed
464 2823 535 2858 hoc
555 2820 645 2857 solis
660 2819 834 2866 perlectis
849 2830 981 2856 conve-

656 210 862 245 SECL'NDAE
899 209 1053 242 PARTIS
1091 208 1226 243 CAPUT
1263 204 1389 242 XLVII

1053 278 1131 322 nit;
1169 277 1353 324 numquid
1390 287 1479 323 ergo
1511 275 1737 323 imperfecti,
1762 277 1826 323 qui

1053 326 1167 362 vitam
1182 327 1322 362 habent
1335 324 1375 360 in
1391 324 1590 368 desiderio,
1612 327 1648 360 et
1664 329 1823 360 mortem

1054 372 1092 408 in
1122 373 1317 419 patientia,
1359 371 1667 408 damnabuntur?
1705 371 1823 407 Absit.

1056 420 1156 456 Multi
1179 420 1279 456 enim
1311 419 1476 455 salvandi
1499 423 1585 454 sunt
1605 419 1643 454 in
1671 419 1826 455 caritate

1054 466 1285 513 imperfecta,
1309 467 1371 512 qui
1397 466 1538 501 scilicet
1565 466 1752 502 aedificant
1774 465 1827 502 li—

1055 525 1183 560 gnum,
1205 514 1359 558 foenum,
1382 512 1576 558 stipulam3
1601 517 1637 549 et
1659 513 1706 549 de
1737 524 1828 548 cor-

1054 572 1143 607 pore
1166 562 1265 597 exire
1290 560 1437 602 timent,
1458 563 1612 605 propter
1638 560 1829 597 cremabi—

1055 608 1118 653 lia,
1130 619 1214 654 quae
1225 618 1351 643 secum
1363 608 1498 643 ferunt.
1512 608 1597 652 Sed,
1610 607 1697 653 quia
1711 609 1830 644 Deum

1055 655 1136 691 istis
1157 654 1440 700 temporalibus,
1463 653 1599 699 quibus
1619 654 1829 699 adhaerent,

1054 704 1292 749 praeponunt,
1310 701 1355 737 de
1370 700 1446 737 vita
1460 704 1602 737 aeterna
1617 701 1709 737 certi
1728 704 1828 738 sunt.

1055 752 1121 786 Ast
1142 750 1188 785 de
1219 748 1289 794 his,
1312 748 1398 784 licet
1423 749 1498 784 sint
1530 748 1712 794 salvandi,
1753 759 1830 785 non

1055 796 1223 843 loquitur
1240 795 1313 839 hic,
1337 795 1402 832 sed
1421 796 1468 831 de
1492 795 1667 841 perfectis
1689 796 1753 841 qui
1773 795 1831 831 vi·

1054 847 1132 880 tam
1154 844 1294 880 habent
1318 842 1358 878 in
1392 842 1588 888 patientia,
1611 846 1647 879 et
1669 846 1831 879 mortem

1055 891 1093 926 in
1116 889 1315 926 desiderio.
1339 890 1496 933 Deinde,
1518 890 1709 936 subjungit
1730 900 1830 936 prae-

1056 937 1121 973 mii
1159 942 1195 973 et
1232 937 1493 973 retributionis
1517 936 1830 983 magnitudinem,

1061 986 1147 1030 quia
1176 984 1418 1030 vigilantibus
1450 984 1631 1029 promittit
1666 984 1831 1020 beatitu-

1057 1032 1184 1067 dinem
1205 1044 1212 1066 :
1230 1033 1332 1067 Beati
1353 1031 1453 1067 enim
1467 1034 1562 1066 servi
1585 1032 1655 1072 ccli,
1677 1030 1715 1066 in
1733 1042 1830 1077 prae-

1057 1079 1153 1114 senti
1181 1078 1412 1115 beatitudine
1442 1079 1533 1124 spei,
1560 1081 1597 1114 et
1634 1079 1672 1113 in
1704 1079 1829 1114 futuro

1057 1125 1287 1161 beatitudine
1325 1125 1473 1171 speciei,
1505 1136 1592 1170 quos
1619 1136 1698 1160 cum
1731 1135 1832 1160 vene-

1056 1175 1106 1207 rit
1123 1175 1312 1215 Dominus,
1338 1173 1374 1207 in
1401 1183 1530 1208 eorum
1556 1175 1689 1216 morte,
1716 1174 1773 1208 vel
1795 1172 1834 1208 in

1059 1223 1223 1255 extremo
1256 1219 1438 1262 examine,
1465 1221 1643 1254 invenerit
1674 1221 1832 1263 viqilan-

1059 1272 1122 1307 tes,
1145 1266 1183 1301 in
1206 1271 1305 1302 statu
1322 1266 1467 1311 gratiae,
1483 1270 1517 1301 et
1537 1277 1611 1302 non
1639 1266 1826 1302 dormien-

1058 1316 1125 1355 tes,
1149 1314 1184 1348 in
1208 1317 1306 1349 statu
1330 1313 1467 1357 culpre!
1499 1314 1567 1349 Ubi
1604 1313 1797 1358 Greqorz'us
1818 1326 1830 1349 :

1061 1374 1077 1394 «
1101 1360 1252 1406 Vigilat,
1273 1360 1335 1406 qui
1355 1361 1401 1395 ad
1423 1364 1615 1406 aspectum
1632 1360 1710 1396 veri
1726 1360 1830 1396 lumi·

1060 1407 1116 1443 nis
1139 1413 1288 1453 apertos
1311 1411 1446 1443 mentis
1482 1407 1608 1443 oculos
1629 1411 1743 1443 tenet.
1768 1407 1830 1443 Vi-

1060 1455 1163 1500 gilat,
1193 1455 1253 1500 qui
1278 1465 1298 1489 a
1324 1465 1362 1490 se
1385 1454 1551 1499 corporis
1577 1459 1613 1490 et
1636 1454 1831 1501 negligen-

1060 1503 1120 1537 tise
1139 1504 1312 1537 tenebras
1332 1502 1479 1547 repellit
1502 1513 1509 1536 :
1546 1515 1563 1534 »
1593 1503 1674 1538 haec
1698 1503 1829 1546 Οτι-690-

1059 1551 1149 1583 71113.
1175 1549 1246 1584 Sed
1266 1550 1418 1584 veniens
1442 1548 1635 1589 Dominus,
1659 1548 1747 1593 quid
1769 1548 1831 1584 vi-

1060 1596 1262 1641 gilantibus
1280 1595 1396 1631 servis
1414 1595 1599 1639 exhibeat,
1620 1597 1830 1632 audiamus.

1060 1645 1166 1686 Nam,
1180 1655 1282 1678 amen
1300 1644 1378 1678 (lico
1394 1644 1508 1680 vobis.
1525 1644 1620 1687 quod
1633 1646 1832 1689 przecz'nqet

1059 1702 1108 1729 se.
1130 1690 1168 1725 id
1188 1694 1243 1725 est
1263 1690 1310 1725 ad
1332 1689 1619 1725 retributionem
1640 1700 1830 1736 praepara-

1059 1737 1133 1781 bit3
1155 1741 1188 1772 et
1210 1739 1323 1780 faciet
1349 1738 1432 1772 illos
1452 1736 1651 1782 vigilantes
1675 1739 1831 1773 discum-

1063 1784 1153 1828 bere,
1174 1783 1211 1819 id
1229 1788 1285 1820 est
1304 1783 1343 1819 in
1363 1787 1504 1819 aeterna
1526 1783 1649 1829 quiete
1670 1783 1831 1821 refoveri

1061 1835 1097 1866 et
1118 1831 1322 1877 quiescere,
1342 1831 1505 1867 utedant
1528 1841 1640 1877 super
1660 1841 1831 1868 mensam

1063 1889 1168 1914 suam
1189 1878 1227 1913 in
1252 1889 1368 1922 regno
1403 1889 1492 1922 suo;
1517 1882 1550 1914 et
1575 1881 1769 1924 transiens,
1795 1878 1833 1914 id

1061 1929 1132 1970 est,
1158 1925 1204 1961 de
1232 1925 1373 1971 judicio
1399 1925 1446 1961 ad
1478 1935 1635 1971 regnum
1666 1926 1830 1970 rediens,

1061 1974 1287 2007 ministrabit
1313 1974 1405 2016 illis,
1426 1971 1514 2017 quia
1531 1983 1606 2008 suae
1629 1972 1722 2009 lucis
1739 1973 1830 2008 illu-

1063 2019 1245 2055 stratione
1262 2023 1299 2054 et
1319 2019 1523 2054 divinitatis
1546 2020 1829 2065 contemplatio-

1062 2077 1109 2101 ne
1134 2066 1259 2101 iideles
1280 2066 1454 2109 satiabit;
1480 2075 1592 2110 quem
1613 2070 1648 2102 et
1671 2066 1769 2102 enim
1792 2066 1830 2102 in

1063 2112 1298 2149 humanitate
1338 2112 1375 2147 in
1421 2113 1562 2158 judicio
1601 2124 1794 2150 cernemus
1820 2141 1830 2158 ,

1064 2160 1173 2195 etium
1194 2162 1229 2195 in
1257 2159 1449 2195 divinitate
1468 2166 1551 2205 post
1565 2160 1747 2206 judicium
1768 2162 1830 2196 vi—

1064 2207 1246 2242 debimus.
1273 2207 1498 2243 Ministrabit
1520 2207 1593 2243 illis
1618 2209 1675 2243 lae
1696 2208 1829 2244 huma-

1063 2254 1190 2289 nitatis
1215 2258 1251 2289 ct
1286 2254 1412 2289 vinum
1434 2255 1595 2298 deitatis,
1631 2259 1667 2291 et
1693 2265 1830 2291 manna

1063 2301 1331 2345 dulcissimum,
1364 2302 1464 2346 quod
1496 2301 1535 2336 in
1570 2312 1633 2337 cor
1668 2302 1835 2337 hominis
1875 2299 1879 2303 ’

1062 2359 1138 2383 11011
1159 2347 1339 2383 ast-ondit.
1362 2348 1484 2384 Faciet
1505 2350 1628 2394 itaque
1649 2347 1732 2384 illos
1747 2349 1829 2384 dis—

1062 2396 1250 2438 cumbere,
1278 2396 1383 2441 quasi
1408 2395 1526 2430 sessos
1541 2395 1771 2440 ret'‹›cillans;
1793 2399 1828 2432 et

1061 2441 1287 2478 ministrabit
1319 2442 1392 2477 illis
1428 2442 1640 2488 spirituales
1676 2442 1828 2478 delicias

1059 2499 1264 2535 apponens.
1286 2490 1388 2524 Unde
1409 2491 1602 2533 Dionysius
1624 2491 1827 2536 Areopaqi-

1058 2541 1118 2571 ta:
1137 2550 1155 2569 «
1174 2535 1405 2571 Discubitum
1424 2536 1523 2571 enim
1539 2537 1736 2583 opinamur
1750 2536 1828 2583 qui-

1058 2587 1154 2619 etem
1173 2594 1195 2617 a
1214 2582 1340 2618 inultis
1360 2583 1564 2627 laboribus,
1585 2587 1622 2619 et
1638 2583 1825 2629 copiosam

1057 2629 1294 2666 donationem
1307 2630 1473 2666 omnium
1487 2632 1682 2674 bonorum;
1694 2633 1762 2666 hoc
1771 2634 1826 2666 est

1055 2677 1155 2713 enim
1168 2677 1266 2723 quod
1281 2678 1388 2712 Jesus
1412 2677 1499 2713 tacit
1517 2689 1581 2714 eos
1592 2678 1822 2722 recumbere,

1055 2724 1150 2760 dans
1170 2725 1223 2759 eis
1246 2729 1463 2770 perpetuam
1491 2724 1668 2771 quietem,
1690 2728 1727 2760 et
1749 2725 1825 2760 dis-

1053 2771 1223 2807 tribuens
1233 2771 1286 2807 eis
1295 2772 1480 2808 bonorum
1491 2772 1788 2809 multitudinem:
1803 2784 1822 2804 »

1054 2818 1135 2855 haec
1156 2820 1364 2863 Dionysius.
