1907 3139
758 435 808 503 Τ
836 435 848 503 Ι
876 436 926 504 Τ
956 437 1011 507 U
1041 438 1090 507 Ι.
1118 437 1130 504 Ι

202 614 690 717 OAPITUM
771 615 899 715 ET
970 533 1697 718 NUMEReRUM

649 836 813 894 PER
864 835 1263 895 ORDINEM

866 1032 1038 1057 “offl—

753 1218 885 1256 PARS
923 1218 1172 1258 SECUNDA.

208 1347 358 1383 CAPUT
380 1348 406 1382 1.
427 1365 473 1373 —
493 1349 543 1382 De
561 1348 784 1390 confessione
808 1358 899 1383 verae
918 1348 1019 1393 fidei,
1037 1359 1147 1394 quam
1172 1350 1301 1385 Petrus
1319 1351 1409 1393 fecit
1440 1361 1505 1395 pro
1529 1350 1707 1385 omnibus.

172 1470 181 1490 1
209 1456 351 1500 Scopus
372 1454 547 1490 secundae
568 1454 698 1500 partis.
908 1469 920 1490 1
1024 1471 1044 1502 9
1065 1456 1138 1492 Cur
1156 1454 1337 1499 Christus,
1360 1457 1550 1502 Apostolis
1570 1467 1663 1502 pree-

169 1516 185 1538 2
210 1502 319 1538 Urbis
341 1502 523 1537 Caesar'eae
550 1500 712 1547 Philippi
732 1501 839 1537 situs.
909 1516 920 1537 1
1047 1502 1189 1548 ceperit
1212 1513 1259 1538 ne
1287 1503 1344 1539 cui
1372 1504 1539 1539 revelent
1565 1505 1660 1539 hanc

165 1553 185 1585 5
209 1548 378 1585 Christus
391 1548 596 1594 discipulos
610 1547 834 1594 interrogat.
908 1563 924 1584 ει
1048 1549 1149 1585 Petri
1169 1549 1473 1586 consessionem?
1762 1555 1780 1586 :3

166 1600 187 1640 4
203 1595 326 1632 Variae
348 1596 543 1632 turbarum
567 1595 767 1643 opiniones
792 1596 838 1631 de
1004 1611 1044 1632 10
1072 1596 1279 1633 Gentilium
1304 1600 1341 1632 et
1368 1598 1586 1634 Judaeorum
1615 1598 1663 1633 ad

194 1643 357 1680 Christo.
909 1657 926 1679 2
1048 1644 1162 1681 fidem
1179 1644 1437 1681 vocandorum
1457 1646 1590 1682 modus
1611 1644 1663 1680 di-

170 1694 189 1727 5
210 1690 419 1737 Responsio
436 1691 537 1726 Petri
549 1690 739 1727 Christum
755 1701 809 1725 es·
1048 1702 1194 1727 versus.
1764 1697 1785 1729 6

191 1750 230 1775 se
251 1738 385 1774 Filium
407 1738 473 1773 Dei
494 1738 722 1774 confitentis.
908 1741 927 1773 5
1006 1753 1041 1773 ιι
1074 1738 1244 1775 Christus
1280 1738 1470 1785 Apostolis
1509 1739 1667 1776 Passio—

173 1790 193 1822 6
215 1785 420 1822 promissio
438 1785 510 1832 ipsi
528 1786 639 1821 facta.
907 1788 928 1821 5
1050 1797 1138 1822 nem
1166 1785 1352 1832 praedicit.
1766 1803 1785 1834 7

176 1849 195 1880 7
219 1833 314 1877 Quid
334 1834 457 1868 claves
475 1834 580 1879 regni
601 1832 809 1869 coelorum?
908 1836 929 1876 4
1007 1847 1044 1868 12
1080 1834 1158 1876 Quo
1198 1844 1314 1869 sensu
1364 1833 1495 1869 Simon
1540 1834 1673 1870 Petrus

170 1885 190 1917 8
215 1882 291 1917 Cur
312 1881 424 1916 Petro
448 1880 663 1926 specialiter
687 1880 810 1915 claves
1051 1884 1207 1916 vocatur
1231 1892 1254 1917 a
1279 1879 1428 1917 Christo
1454 1884 1607 1918 satanas
1633 1884 1670 1917 et

192 1927 299 1974 regni
334 1928 519 1964 coelorum
552 1931 590 1964 et
624 1927 811 1973 principa·
1051 1928 1297 1964 scandalum?
1767 1946 1786 1976 7

190 1980 270 2013 tum
281 1975 496 2023 judiciariae
512 1974 709 2022 potestatis
726 1985 808 2021 pro·
1007 1979 1046 2011 15
1086 1977 1125 2011 In
1166 1986 1276 2012 cruce
1315 1974 1466 2012 Domini
1504 1976 1666 2023 glorian-

192 2023 393 2060 mittuntur
412 2023 430 2058 ‘2
910 2026 929 2058 5
1050 2023 1157 2059 dum.
1766 2030 1786 2062 8

321 2148 472 2186 CAPUT
493 2149 536 2183 11.
558 2167 604 2173 —
619 2148 669 2182 De
686 2147 939 2182 eaehortatz'one
951 2147 1001 2182 ad
1019 2148 1241 2193 sequendum
1263 2149 1461 2192 Christum,
1482 2152 1516 2184 et
1531 2160 1605 2185 suae

754 2195 939 2230 Passionis
960 2197 1178 2242 exemplum.

180 2320 191 2341 1
217 2303 378 2340 Invitum
399 2314 475 2339 non
496 2303 575 2337 vult
597 2300 789 2339 Dominus.
917 2318 937 2349 9
1034 2306 1054 2337 6
1074 2301 1210 2337 Anima
1228 2302 1435 2348 perdenda,
1457 2306 1497 2338 ut
1516 2303 1670 2341 tollatur

180 2366 197 2387 2
226 2350 354 2387 Prima
382 2350 564 2397 perfectio
597 2348 681 2385 vitae
710 2349 815 2385 Chri-
1058 2348 1221 2395 primum
1244 2349 1487 2395 perfectionis
1511 2349 1668 2397 impedi-

201 2398 334 2435 stianae
355 2413 362 2434 z
389 2396 605 2442 abnegatio.
897 2412 935 2432 ιο
1059 2400 1240 2433 mentum.
1751 2418 1788 2439 12

179 2450 200 2482 5
226 2446 398 2482 Secunda
433 2443 613 2491 perfectio
652 2456 659 2479 :
695 2444 816 2480 crucis
1034 2459 1052 2490 7
1080 2445 1240 2480 Lucrum
1262 2446 1454 2480 terrenum
1478 2445 1669 2483 detestan-

204 2493 382 2540 portatio.
898 2507 936 2527 ιο
1057 2491 1162 2536 dum,
1195 2494 1236 2527 ut
1264 2491 1419 2527 tollatur
1449 2494 1668 2532 secundum.
1750 2503 1788 2534 15

182 2545 202 2586 4
236 2540 362 2576 Tertia
398 2540 577 2586 perfectio
611 2552 619 2575 ;
655 2537 816 2574 imitatio
1031 2541 1056 2574 8
1076 2539 1201 2574 Pudor
1221 2538 1337 2574 seculi
1363 2541 1610 2586 amovendus,
1633 2547 1673 2579 ut

206 2587 342 2625 Christi
363 2587 517 2634 triplici,
537 2598 610 2634 qua
628 2597 697 2622 nos
717 2597 814 2632 prae-
1057 2586 1213 2622 tollatur
1232 2585 1400 2622 tertium.
1752 2597 1791 2637 ,4

206 2635 332 2680 cessit,
355 2635 426 2671 via.
895 2648 930 2669 ιι
1032 2649 1052 2680 9
1077 2633 1247 2670 Christus
1268 2633 1472 2680 discipulos
1496 2638 1670 2673 consola-

183 2690 202 2721 5
225 2685 323 2719 Mors
352 2682 572 2730 spiritualis,
603 2682 650 2717 ad
680 2680 814 2718 Christi
1055 2684 1116 2717 tur
1159 2680 1249 2727 ipsis
1295 2681 1535 2727 praedicendo
1583 2684 1671 2730 quia

206 2731 431 2777 exemplum,
451 2730 629 2776 gradibus
649 2729 815 2775 quinque
1054 2728 1224 2764 tristibus
1246 2729 1332 2765 laeta
1363 2731 1575 2766 succedent.
1746 2738 1786 2779 14

206 2779 414 2826 perficitur.
895 2791 930 2812 ιι

286 2825 375 2858 ViTA
391 2825 476 2858 JESU
494 2826 768 2862 Canisngromws
788 2823 852 2855 111.
1663 2830 1703 2860 24
