1907 3139
269 119 320 155 DE
357 117 707 153 CONSPIRATIONE
748 117 1018 153 PONTIFICUM
1058 119 1107 152 ΕΤ
1146 120 1495 156 l’llAl'tlSAEOltllM..
1656 122 1711 158 123

76 192 217 228 Lazaro
239 189 339 236 quod
364 191 496 236 postea
516 197 722 233 numquam
744 187 853 232 risit,-

77 242 115 276 ct
135 247 340 285 numquam
362 237 400 273 in
433 238 541 282 gestu
579 234 687 281 signa
723 235 855 282 jocosa

76 286 262 331 ostendit3
277 295 344 333 pro
364 295 408 320 eo
422 283 522 329 quod
541 282 624 319 vitae
648 283 855 329 nujusaern-

77 334 190 380 mnis,
204 343 295 380 quas
310 331 474 367 morlens
489 334 673 374 evaserat,
688 331 855 367 redditus

76 381 159 419 suit.
197 379 312 426 Magis
349 379 449 416 enim
478 389 588 425 quam
618 381 703 415 ante
735 379 855 415 sactus

75 431 223 466 amator
259 426 344 463 vitae
383 426 498 471 illius,
536 426 744 473 poenitebat
770 438 855 463 euin

73 476 159 513 vitae
178 474 298 512 istius.
324 474 428 511 Unde
449 475 680 519 Augyzastznus
704 487 714 509 .·
736 487 753 508 «
777 475 804 511 O
825 474 855 510 si

72 534 270 571 possemus
297 522 461 559 excitare
490 522 674 568 homineS,
703 525 740 558 et
770 533 855 558 cum

73 571 166 619 ipsis
189 570 328 617 pariter
346 569 512 615 excitari,
528 573 568 606 ut
580 571 671 606 tales
685 580 854 607 essemus

73 625 261 657 amatores
272 618 622 665 vitaepcrmanentis
633 618 856 664 qualessunt

71 666 243 704 homines
264 670 453 702 amatores
466 666 550 702 vitae
565 665 764 713 fngientisl
788 679 805 698 »

128 731 140 751 1
154 731 164 751 1
183 717 326 751 Tmarus
349 726 418 755 QUO
440 725 624 750 PATRATUM
642 725 702 749 EST
718 725 785 749 Hoc
799 726 856 749 ui-

73 774 239 799 RACULUM
261 774 302 798 ET
324 774 436 798 irsius
462 773 648 797 nrrncrus.
679 783 712 786 -
730 761 857 797 Credi-

74 813 137 846 tur
154 814 282 847 autem
302 811 373 846 hoc
399 810 551 853 sactum,
578 820 622 844 ea
645 808 704 844 die
726 819 799 854 qua
818 809 856 845 in

75 858 242 894 Ecclesia
257 857 353 893 solet
372 856 459 904 legi,
477 856 619 892 srilicet
639 855 733 891 feria
753 862 856 892 sexta

72 909 162 942 ante
177 904 409 942 dominicam
430 905 475 940 de
496 904 673 940 Passione
692 903 854 940 Domini.

73 954 362 990 Monumentum
380 963 466 988 vero
483 951 610 987 Lazari
624 952 856 988 demonstrat

74 1001 236 1037 ecclesia
272 999 413 1035 ibidem
449 998 489 1035 in
525 1001 709 1035 honorem
737 1000 856 1036 beatae

73 1047 215 1087 Mariae.
242 1047 473 1094 Magdalenae
527 1049 743 1083 constructa
771 1075 780 1092 ,
821 1051 857 1083 et

71 1097 216 1143 grande
234 1094 506 1131 monasterium
525 1105 662 1140 magna
672 1094 855 1131 ol1varum

71 1143 167 1180 silva
193 1143 481 1188 circumdatum,
506 1142 571 1179 ubi
599 1146 679 1179 erat
704 1142 857 1179 abbatia

71 1190 193 1228 sancti
224 1190 366 1235 Lazari,
389 1201 472 1226 cum
494 1189 684 1227 abbatissa
710 1193 748 1226 et
774 1202 855 1227 mo-

70 1238 234 1276 nialibus
273 1237 423 1275 Ordinis
477 1239 595 1275 sancti
647 1237 853 1275 Benedicti.

72 1288 183 1324 Mula·
197 1297 279 1331 erqo
295 1297 338 1322 eoe
354 1287 490 1322 Judaez‘s
508 1289 572 1332 qui
602 1286 771 1322 viderant
792 1286 858 1322 mi-

70 1335 218 1380 rabilia,
240 1345 318 1380 quae
334 1335 469 1378 fecerat
489 1336 605 1378 Jeszts,
626 1334 857 1370 crediderunt

928 189 1063 235 sivum,
1084 193 1120 226 ct
1141 190 1215 225 tale
1244 191 1468 228 miraculum
1498 203 1573 228 non
1607 196 1663 229 ost
1690 204 1712 230 a

929 239 1054 274 seculo
1090 237 1275 282 auditum,
1306 238 1451 275 scilicet.
1478 241 1575 285 qnod
1610 252 1711 278 mor-

930 289 1016 322 tuus
1033 285 1309 332 quatriduanus
1332 285 1368 321 in
1393 292 1636 324 monumento
1655 300 1713 326 rc-

929 333 1172 370 suscitamur
1196 334 1243 370 ad
1272 333 1400 370 vitam.
1434 335 1553 378 Unde,
1575 348 1710 373 scrun-

929 382 1017 417 dum
1040 383 1304 426 ltfztyustirmm,
1335 384 1404 417 noc
1433 383 1578 418 excedit
1600 396 1711 421 omne

930 429 1276 475 1niraculum,‹1uo‹‚l
1291 431 1399 466 Jcsus
1415 429 1515 466 circa
1533 432 1712 468 Lazwinn

929 476 1028 520 fecit,
1046 488 1160 523 quem
1181 478 1227 513 ab
1247 476 1327 522 ipso
1350 476 1487 512 inl'erni
1511 477 1711 524 inquilino,

931 525 1119 561 destructa
1141 525 1222 572 lege
1245 527 1421 568 tartarea,
1445 524 1569 561 redire
1591 527 1636 561 acl
1657 538 1714 562 su-

929 583 1038 618 peros
1063 571 1188 619 jussit.
1218 573 1375 616 Quidam
1405 576 1525 608 autem
1551 584 1595 608 em
1621 575 1714 620 ipsis

929 619 1068 657 Judaeis
1093 621 1261 656 ‹tbicrtmt
1278 621 1411 656 eadem
1432 620 1490 656 die
1513 622 1562 656 (td
1579 622 1714 657 Phari-

929 678 1030 712 saeos,
1047 671 1080 703 ec
1094 669 1269 703 clirerzmc
1284 667 1629 714 nuiitiav‹,=runtq;ie
1644 671 1714 705 cis-

931 727 1009 761 quse
1036 718 1124 759 fecit
1143 718 1265 759 Jesus;
1289 719 1325 751 ct
1348 715 1506 752 celebris
1528 720 1610 752 erat
1636 728 1711 762 ser,

930 774 991 798 mo
1026 764 1071 799 tie
1109 774 1153 800 eo
1182 763 1280 809 apud
1316 765 1467 799 multos.
1504 764 1573 799 Alii
1598 765 1712 811 bono,

930 810 994 846 alii
1030 811 1127 846 malo
1168 811 1246 846 zelo
1293 811 1383 846 :noti
1428 811 1712 858 nuntiaverunt,

931 858 1018 904 quia
1037 857 1133 894 sicut
1151 870 1193 894 cx
1213 858 1331 901 signis
1352 858 1434 894 visis
1455 859 1544 895 boni
1561 870 1713 896 conver-

930 909 1061 942 tuntur
1101 909 1137 941 et
1161 906 1379 952 proficiunt,
1413 906 1466 943 ita
1493 908 1713 954 frequenter

931 953 1019 989 mali
1044 953 1280 990 obdurantur
1320 957 1357 990 et
1386 954 1577 991 deficiunt.
1619 954 1714 991 Boni

931 1000 1082 1048 quiden]
1111 1001 1378 1038 nuntiaverunt
1406 1002 1471 1047 eis,
1495 1006 1534 1038 ut
1562 1002 1714 1050 mitiga-

931 1052 1015 1085 rent
1036 1060 1100 1085 eos
1126 1049 1225 1087 circa
1250 1051 1390 1094 Jesum,
1410 1053 1446 1085 et
1471 1052 1712 1096 provocando

932 1100 971 1133 ut
992 1097 1216 1142 crederent;
1242 1099 1328 1133 mali
1350 1108 1453 1143 vero,
1482 1102 1523 1134 ut
1545 1099 1712 1135 concita-

931 1148 1015 1180 rent
1043 1156 1107 1181 eos
1138 1149 1270 1182 contra
1291 1147 1434 1187 Jcsum,
1457 1149 1493 1181 et
1519 1147 1711 1191 prodendo

930 1196 971 1228 ut
994 1192 1181 1229 saevirent.
1195 1195 1264 1229 Per
1282 1193 1402 1229 bonos
1422 1192 1475 1228 illi
1496 1195 1711 1240 signantur,

932 1240 995 1285 qui
1016 1241 1114 1276 bona
1132 1241 1172 1276 in
1198 1240 1282 1276 aliis
1307 1240 1402 1276 sicut
1429 1239 1469 1276 in
1501 1252 1539 1276 se
1566 1245 1710 1288 amant,

932 1291 969 1323 et
990 1287 1117 1324 omnia
1149 1287 1189 1324 in
1216 1289 1356 1324 bonum
1388 1287 1710 1336 interpretantur3

930 1346 998 1382 per
1034 1336 1154 1372 malos
1187 1340 1326 1380 autem,
1348 1335 1401 1370 illi
1440 1336 1502 1381 qui
1540 1336 1713 1373 videntes

71 1384 111 1419 in
125 1393 218 1419 eum.
232 1384 306 1419 Nee
328 1381 478 1424 mirum,
493 1381 580 1429 quia
595 1381 687 1417 illud
708 1383 856 1428 signum

931 1394 1127 1419 servorum
1152 1383 1217 1420 Dei
1238 1394 1365 1430 opera,
1390 1383 1485 1419 odiis
1504 1384 1710 1431 insequun-

72 1429 144 1467 suit
172 1429 308 1467 divinae
329 1429 478 1468 virtutis
500 1429 697 1467 manifeste
731 1432 854 1466 osten-

930 1434 991 1467 tUI‘
1011 1433 1047 1467 Gt
1073 1431 1258 1468 Infasllal‘e
1279 1435 1479 1468 COllasstUl'.

808 1548 978 1586 ORATIO

119 1653 393 1701 Benignissime
410 1655 513 1700 Jesu,
536 1652 599 1700 qui
626 1654 920 1700 quatriduanum
941 1657 1123 1694 Lazarum
1140 1657 1221 1705 jam
1247 1658 1441 1696 foetentem
1462 1670 1484 1696 a
1510 1660 1709 1707 sepulchro

71 1702 318 1746 resuscitasti,
338 1706 374 1739 et
393 1713 416 1739 a
435 1702 593 1738 vinculis
613 1702 772 1748 solvere,
794 1715 838 1740 ac
858 1704 975 1741 libere
999 1705 1104 1742 abire
1126 1706 1261 1751 fecisti,
1282 1711 1517 1753 moveantur,
1538 1709 1709 1755 obsecro,

71 1751 217 1788 viscera
234 1750 502 1787 misericordiae
518 1754 591 1786 tuae
606 1760 719 1796 super
736 1762 795 1791 me
810 1752 1004 1799 miserum,
1021 1754 1164 1800 peccati
1187 1755 1448 1801 delectatione,
1469 1767 1654 1793 consensu
1673 1760 1710 1794 et

71 1798 352 1847 perpetratione
377 1801 582 1841 mortuum,
608 1798 706 1850 mole
740 1800 848 1836 malfe
875 1801 1157 1838 consuetudinis
1180 1813 1402 1849 oppressum
1438 1807 1474 1840 et
1507 1801 1708 1851 sepultum,

69 1849 225 1896 Jamque
250 1846 539 1892 quatriduanum
565 1847 601 1881 et
625 1845 815 1898 foetidum,
839 1850 876 1883 et
903 1858 961 1884 me
986 1860 1007 1885 a
1027 1850 1223 1896 sepulchro
1255 1850 1430 1887 vitiorum
1452 1852 1647 1895 resuscita,
1670 1860 1711 1888 ut

72 1906 140 1942 per
160 1894 435 1930 consessionem
453 1893 553 1929 foras
571 1903 731 1946 yeniam.
756 1895 1027 1932 Resuscitatnm
1046 1907 1067 1933 a
1089 1897 1245 1933 vinculis
1264 1902 1503 1944 peccatorum
1522 1903 1557 1935 et
1578 1899 1709 1935 mortis

74 1943 195 1996 solve3
220 1942 383 2026 solcum}
405 1942 451 1977 ab
477 1952 580 1977 omni
599 1944 790 1988 servitute,
811 1942 983 1989 liberum,
1007 1945 1045 1981 in
1067 1944 1281 1982 libertatem
1302 1946 1433 1993 gloriae
1454 1947 1619 1983 filiorum
1643 1947 1705 1984 Dei

74 2001 129 2028 ire
151 2000 265 2029 conce
295 2000 327 2028 e.
381 1999 483 2027 men.

714 2204 894 2253 CAPUT
937 2206 1080 2254 XVIII

192 2338 242 2366 DE
273 2336 582 2368 CONSPIRATIONE
610 2339 849 2370 PONTIFICUM
878 2341 929 2369 ET
957 2340 1243 2372 PHARISAEORUM
1274 2343 1428 2374 CONTRA
1456 2345 1594 2375 JESUM.

729 2440 884 2478 Joannis
906 2452 987 2489 cap.
1006 2444 1067 2483 XI.

132 2573 144 2594 1
188 2558 384 2595 CONCILIUM
418 2571 442 2596 A
476 2561 676 2597 PHARISAEIS
719 2573 857 2598 CONTRA

928 2563 1039 2609 risaei,
1061 2563 1124 2610 qui
1149 2564 1373 2601 videbantur
1395 2576 1474 2612 prae
1500 2565 1584 2603 aliis
1613 2568 1710 2604 reli—

76 2607 191 2643 JESUM
212 2617 425 2644 COLLECTUM.
449 2628 495 2635 -
514 2608 698 2645 Praedicto
727 2609 855 2656 itaque
957 2610 963 2616 '

929 2611 1038 2657 giosi,
1051 2622 1094 2647 ex
1109 2612 1244 2658 quibus
1260 2613 1398 2649 factum
1415 2624 1543 2651 eorum
1560 2615 1709 2661 gravius

80 2653 260 2690 miraculo
278 2655 324 2691 de
341 2655 622 2693 resuscitatione
642 2657 767 2693 Lazari
790 2668 854 2704 pu-

76 2701 229 2745 blicato,
249 2703 452 2749 Pontifices,
474 2703 539 2750 qui
567 2710 676 2741 erant
702 2705 855 2752 majoris

79 2748 312 2787 auctoritatis
329 2753 366 2787 et
382 2751 502 2798 magis
519 2751 689 2799 litterati,
709 2756 742 2790 ec
762 2754 854 2790 Pha-

929 2662 1022 2700 erat,
1036 2660 1127 2696 moti
1140 2664 1227 2697 sunt
1242 2661 1289 2697 ad
1307 2662 1543 2698 tractandum
1561 2663 1706 2709 publice

930 2706 975 2742 de
1007 2712 1129 2744 morte
1162 2708 1314 2755 Christi,
1343 2720 1386 2746 ex
1408 2709 1465 2746 ira
1492 2713 1528 2746 et
1549 2710 1704 2756 invidia,

928 2764 1040 2800 quam
1067 2755 1113 2793 de
1135 2756 1237 2794 fama
1259 2759 1296 2794 et
1321 2757 1442 2803 gloria
1470 2758 1552 2803 ejus
1581 2758 1705 2794 hahe-
