1907 3139
151 206 211 240 2C4

151 277 304 319 semina,
330 274 473 311 scilicet
500 285 590 321 opus
622 276 783 318 bonum3
807 278 839 309 et
861 286 920 309 re-

148 333 263 367 spere,
287 321 427 358 scilicet
464 322 699 358 adversitatis
737 325 772 357 et
804 325 921 357 tenta-

150 369 278 413 tionis,
305 380 349 404 ηε
379 372 487 405 cesset
519 380 646 404 manus
677 373 752 409 tua,
782 368 923 403 scilicet

148 427 170 451 a
205 416 440 452 seminando.
479 437 524 441 —-
554 417 758 462 Septimum
797 424 920 450 reme-

148 464 251 499 dium
277 466 345 507 est,
366 463 464 509 quod
484 474 611 498 omnes
633 461 921 507 imaginationes

120 528 125 534 ·
147 514 182 546 et
202 521 350 546 errores
370 521 452 556 quae
470 513 504 545 te
520 509 646 545 venire
665 509 805 544 faciunt
817 508 921 553 quasi

145 558 185 593 in
205 557 358 593 dubium
381 557 538 603 alicujus
558 555 739 599 veritatis,
758 556 921 601 expellas

143 615 166 640 a
182 605 295 640 corde
314 606 392 647 tuo,
411 607 446 640 et
486 615 508 640 a
539 604 722 638 memoria
752 605 816 638 tua
837 613 921 638 cum

145 661 291 687 summo
319 650 441 686 studio
477 654 513 686 et
540 650 751 692 conamine,
773 652 919 685 tantum

146 709 211 734 cor
245 701 281 733 et
318 697 549 733 intellectum
590 697 842 732 convertendo
880 698 918 731 iu

144 745 307 792 puritate
332 747 368 780 et
394 744 549 779 veritate
579 743 749 779 radicum
782 746 919 779 nostra-2

145 791 247 835 fidei,
270 795 304 827 et
329 791 367 826 in
388 790 463 827 vita
484 793 720 834 Sanctorum,
747 794 782 825 et
802 790 841 826 in
864 801 922 826 ve-

145 838 257 875 ritate
296 841 512 875 sanctarum
550 838 840 883 scripturarum,
876 838 920 873 de

146 885 283 932 quibus
318 886 347 921 si
387 885 578 921 humiliter
613 889 649 920 et
685 885 845 920 discrete
873 885 920 920 ad

147 933 299 969 easdem
327 943 526 968 conversus
555 931 681 976 tueris,
702 931 842 977 poter1s
870 932 922 967 lu-

148 990 233 1015 men
264 980 460 1015 extrahere
489 979 537 1014 ad
569 982 669 1014 certe
697 989 922 1024 cognoscen-

148 1027 236 1061 dum
270 1027 340 1062 hoc
366 1025 405 1060 in
426 1037 498 1071 quo
528 1026 630 1071 prius
665 1026 919 1061 dubitaveras.

147 1074 191 1108 Et
216 1074 328 1108 istum
355 1073 505 1108 modum
527 1073 639 1107 debet
656 1073 768 1108 homo
790 1075 921 1108 tenere

147 1120 184 1155 in
222 1119 492 1155 tentationibus
522 1118 792 1164 spiritualibus,
837 1130 922 1164 quae

145 1177 222 1203 non
243 1171 330 1202 sunt
350 1166 395 1202 de
423 1166 692 1212 principalibus
720 1165 806 1201 fidei
831 1166 919 1201 arti-

147 1213 254 1256 culis,
286 1213 352 1249 sed
390 1213 435 1248 de
475 1213 664 1259 aliquibus
699 1213 921 1249 veritatibus

963 321 965 341 l

620 206 825 241 SECUNDAE
862 205 1016 239 PARTIS
1052 204 1186 239 CAPUT
1223 205 1301 238 XLI

999 275 1151 309 patrum
1184 284 1296 319 super
1330 272 1600 309 tentationibus
1626 281 1769 316 eorum,

963 344 965 355 t
998 320 1199 356 veniebant
1229 321 1276 355 ad
1309 320 1419 355 tinem
1441 320 1594 355 malum>
1625 320 1668 355 Et
1688 330 1773 355 con-

964 383 965 386 *
997 367 1081 414 tigit
1101 367 1286 413 aliquibus
1301 367 1382 403 aliis
1414 367 1526 412 quod,
1544 368 1618 402 Deo
1635 366 1687 402 sic
1700 376 1772 401 vo-

147 1260 218 1307 ipsi
250 1260 339 1296 fidei
376 1260 568 1306 proximis.
597 1281 642 1286 -—
662 1261 841 1297 Octavum
866 1271 922 1295 re·
960 1258 964 1290 ⁴3

147 1307 311 1343 medium
331 1311 399 1350 est,
420 1308 518 1352 quod
537 1312 573 1343 te
594 1308 773 1343 existente
796 1309 833 1341 in
854 1318 921 1342 an-

147 1354 294 1391 tedictis
312 1354 601 1397 tentationibus,
618 1355 758 1390 habeas
773 1355 921 1389 firmam

148 1405 184 1437 et
201 1405 341 1438 certam
363 1412 481 1447 spem,
502 1402 600 1447 quod
622 1402 666 1437 de
700 1401 779 1436 istis
802 1405 923 1436 teuta-

148 1449 314 1484 tionibus
336 1450 434 1484 Deus
463 1452 499 1484 te
530 1449 577 1483 ad
608 1448 758 1493 aliquod
779 1449 921 1484 bonum

150 1496 324 1536 adducet,
347 1501 383 1531 et
405 1506 469 1530 cor
492 1498 597 1530 tuum
621 1495 859 1537 clarilicabit3
888 1497 923 1529 et

149 1543 280 1578 credas
300 1542 460 1577 firmiter
480 1542 581 1587 quod
610 1544 706 1577 Deus
744 1541 924 1587 permittit
963 1538 965 1548 ¹

150 1595 187 1625 te
213 1589 341 1625 venire
376 1588 414 1624 in
449 1589 646 1632 praedictas
679 1588 922 1632 tentationes,

150 1640 304 1682 propter
324 1635 539 1671 exercitium
561 1640 634 1671 tuae
656 1637 816 1679 virtutis,
831 1639 865 1670 tet
886 1639 923 1670 ut

150 1688 188 1719 te
215 1682 404 1725 humilies,
426 1684 601 1717 Attamen
642 1682 693 1718 ita
718 1694 756 1718 se
788 1683 921 1717 habeat

152 1741 236 1777 spes
279 1728 493 1775 supradicta
510 1757 518 1773 ,
562 1730 661 1774 quod
696 1729 924 1773 negligentia

150 1788 226 1813 non
254 1777 464 1812 includatur
483 1776 518 1811 iu
541 1787 598 1818 ea,
620 1776 671 1811 sic
692 1776 791 1821 quod
820 1780 925 1811 tuum

149 1835 259 1871 posse
280 1823 393 1859 facias
414 1823 459 1858 dc
481 1823 697 1869 expellendo
715 1833 736 1857 a
754 1829 789 1858 te
807 1826 925 1858 tenta-

148 1872 269 1907 tiones
302 1869 525 1916 praedictas;
558 1873 594 1905 et
615 1869 790 1905 similiter
812 1870 864 1905 sic
886 1880 924 1905 se

148 1919 285 1954 habeat
307 1917 508 1953 credulitas
528 1916 722 1964 praedicta,
745 1917 847 1962 quod
868 1928 928 1951 su-

145 1964 277 2012 perbia
298 1975 374 1999 non
396 1963 623 2007 includatur,
648 1964 712 1998 sed
740 1964 837 2008 quod
857 1964 924 1998 du-

150 2012 246 2048 bites
280 2011 379 2057 quod
411 2010 485 2047 illae
524 2012 752 2046 tentationes
771 2011 927 2046 veniant

149 2062 304 2106 propter
325 2061 428 2093 tuam
451 2058 609 2101 culpam.
632 2078 674 2083 -
703 2059 847 2092 Nonum
871 2068 928 2092 re*

153 2105 318 2141 medium
344 2109 412 2143 est.
442 2105 541 2150 quod
568 2104 599 2139 si
625 2105 761 2139 habeas
788 2104 930 2139 antedi-

154 2155 232 2188 ctas
254 2151 478 2187 tentationvs
510 2151 667 2186 multum
691 2151 930 2186 absconditas

154 2202 191 2236 et
211 2202 386 2239 secretas,
416 2209 488 2233 non
517 2209 580 2233 eas
600 2201 741 2235 teneas.
763 2208 836 2232 lmO
868 2208 931 2233 eas

154 2245 299 2282 reveles
319 2248 382 2280 tuo
416 2244 573 2290 sapienti
595 2248 631 2280 et
658 2245 818 2280 discreto
840 2256 930 2280 con-

156 2291 304 2336 fessori,
327 2294 363 2327 et
380 2291 564 2337 aliquibus
578 2291 834 2337 ,singularibus
852 2302 932 2337 per-

158 2339 272 2382 sonis,
294 2339 356 2373 sed
377 2349 453 2373 non
474 2338 616 2381 multis;
638 2339 682 2373 de
702 2338 835 2384 quibus
849 2349 931 2384 per-

156 2386 318 2433 pendere
336 2385 456 2431 possis
468 2385 566 2430 quod
578 2385 722 2421 ratione
739 2386 928 2431 experien-

157 2433 219 2469 tiae
240 2432 489 2468 tentationum
510 2443 603 2477 quas
626 2433 849 2475 habuerunt,
871 2432 929 2467 vel

158 2479 304 2516 ratione
330 2478 480 2514 luminis
505 2479 698 2524 sapientiae
729 2485 765 2514 et
792 2478 925 2515 sanctif

158 2526 246 2562 tatis
269 2528 425 2572 possunt
447 2526 514 2561 tibi
543 2526 633 2561 dare
663 2525 860 2561 consilium
895 2530 931 2560 et

158 2572 336 2609 auxilium
353 2599 362 2616 ,
405 2582 448 2607 ac
484 2572 786 2608 consolationem.
829 2572 930 2608 Istud

158 2619 367 2656 remedium
381 2619 644 2654 commendant
661 2619 766 2654 multi
785 2619 927 2662 Sancti,

158 2666 247 2713 quia
266 2668 445 2702 narratur
466 2667 503 2700 in
530 2665 614 2700 vitis
640 2668 808 2710 Patrum,
831 2667 928 2711 quod

160 2714 310 2760 quidam
353 2711 527 2748 monavhi
564 2711 626 2757 qui
653 2723 720 2758 per
752 2722 928 2758 maguam

159 2761 275 2797 vitam
302 2763 410 2796 erant
430 2759 508 2803 alti,
533 2769 620 2804 qula
641 2760 930 2795 contemnebant

162 2806 360 2845 consilium
401 2809 438 2843 et
480 2805 657 2842 auxilium
706 2807 928 2842 Sanctorum

999 414 1110 458 lente,
1133 415 1341 460 prodebant
1371 414 1599 449 tentationes
1620 417 1773 458 propter

999 472 1127 497 eorum
1150 460 1440 507 simplicitatem,
1466 465 1502 496 et
1522 460 1773 496 humilitatem

964 528 965 555 l
1000 519 1110 554 quam
1132 507 1367 543 habebantin
1384 508 1544 553 petendo
1558 507 1772 550 consilium,

964 589 965 597 ,
998 559 1033 590 et
1052 554 1230 591 auxilium
1266 564 1376 599 super
1407 554 1679 590 tentationibus
1698 553 1774 589 suis

997 602 1112 638 finem
1128 601 1316 637 salubrem
1335 600 1590 644 inveniebant,
1608 604 1645 636 et
1663 600 1774 636 citius

964 667 965 672 =
997 649 1266 685 liberabantur.
1289 668 1334 673 —
1348 647 1543 683 Decimum
1558 647 1771 683 remedium

962 718 964 730 l
997 699 1066 735 est,

1101 695 1200 741 quod
1239 694 1269 730 si
1307 694 1516 730 antedictas
1546 694 1774 729 tentationes

995 743 1148 785 habeas,
1174 743 1272 777 leves
1284 752 1347 776 cor
1360 744 1395 776 et
1411 740 1643 777 intellectum
1664 745 1771 776 tuum

962 829 963 835 χ
995 790 1041 825 ad
1080 791 1211 831 Deum,
1235 789 1437 834 quaerendo
1475 787 1670 824 humiliter
1704 788 1775 823 hoc

962 859 963 867 η
997 837 1095 883 quod
1127 839 1159 872 ei
1194 836 1304 871 suvrit
1343 835 1619 878 honorabilius,
1641 839 1677 870 et
1702 837 1773 870 tuae

962 911 963 918 ,
996 884 1132 919 animae
1148 883 1334 919 salubrius
1349 887 1534 928 supertua
1548 881 1772 926 tentatione,

997 930 1231 976 subjiciendo
1252 933 1353 965 tuam
1379 931 1609 965 voluntatem
1640 930 1774 964 volun-

995 981 1061 1013 tati
1084 978 1218 1013 (livinae
1234 988 1242 1020 ;
1261 977 1312 1013 sic
1331 980 1382 1017 ut,
1403 976 1431 1011 si
1452 977 1521 1012 sibi
1540 976 1662 1022 placet
1675 975 1775 1021 quod

962 1052 963 1055 η
997 1035 1216 1070 perseveres
1243 1024 1279 1059 in
1300 1023 1522 1067 tentatione,
1542 1022 1717 1059 similiter
1739 1025 1776 1058 et

996 1072 1061 1108 tibi
1084 1073 1242 1118 placeat,
1268 1071 1386 1107 solum
1409 1076 1448 1106 ut
1473 1072 1589 1106 Deum
1611 1081 1685 1105 non
1722 1070 1774 1105 of-

963 1154 964 1163 ,
997 1120 1140 1155 tendas.
1158 1140 1196 1145 —
1219 1119 1462 1154 Underimum
1478 1117 1686 1153 remedium
1704 1120 1773 1160 est,

999 1167 1097 1210 quod
1120 1165 1190 1201 nisi
1212 1176 1277 1210 per
1293 1164 1405 1200 aliam
1424 1164 1523 1200 viam
1541 1165 1661 1210 possis
1686 1174 1773 1199 eva-

999 1214 1087 1249 dere
1111 1213 1307 1256 praedictas
1324 1211 1562 1254 tentationes,
1581 1212 1696 1247 debes
1711 1221 1774 1246 eas

999 1260 1181 1299 oblivisci,
1201 1263 1238 1295 et
1259 1270 1324 1305 per
1353 1259 1554 1304 quamdam
1587 1257 1777 1303 negligen-

998 1307 1088 1342 tiam
1110 1308 1242 1353 sugere
1260 1310 1295 1341 et
1316 1305 1517 1349 dimittere,
1532 1304 1776 1341 considerans

999 1355 1097 1399 quod
1122 1365 1196 1389 non
1232 1356 1317 1388 sunt
1349 1352 1578 1388 tentationes
1608 1362 1676 1397 per
1700 1352 1777 1387 dia-

999 1402 1125 1437 bolum
1155 1405 1375 1445 procuratae,
1404 1400 1468 1435 sed
1502 1398 1712 1444 passiones,
1740 1401 1776 1434 et

998 1448 1236 1491 fragilitates,
1255 1458 1320 1483 seu
1340 1446 1552 1483 debilitates
1573 1457 1669 1492 quae,
1693 1456 1775 1481 cunt

1000 1506 1041 1531 ex
1058 1499 1194 1530 natura
1206 1494 1438 1540 proveniant,
1456 1497 1541 1529 suut
1558 1503 1775 1529 comumnes

1000 1544 1109 1577 statui
1134 1543 1239 1587 liujus
1264 1541 1360 1576 vitre.

1045 1592 1066 1632 4
1103 1590 1379 1631 Quaruonnacm
1413 1599 1586 1624 amoses
1619 1599 1776 1623 rnoprssn

1000 1647 1089 1676 Quas
1111 1647 1330 1671 excuriexm
1351 1647 1411 1670 Esr
1436 1647 1590 1670 PIGRITIA
1615 1646 1778 1670 spnuru-

964 1714 966 1721 ι
1000 1695 1090 1718 ALts.
1108 1703 1152 1708 —-
1173 1684 1226 1726 Et,
1242 1682 1331 1727 quia
1350 1693 1461 1727 supra
1482 1682 1573 1717 etin
1593 1681 1778 1726 sequenti-

1001 1730 1083 1771 bus,
1101 1729 1225 1765 multis
1247 1729 1365 1764 modis
1383 1731 1552 1763 bortatur
1571 1739 1637 1763 nos
1657 1727 1777 1763 Domi-

1002 1787 1072 1811 nus
1089 1780 1128 1812 ut
1148 1776 1356 1821 vigilemus,
1372 1779 1408 1811 et
1426 1775 1472 1810 ad
1494 1775 1677 1811 incertum
1699 1775 1779 1821 ejus

1002 1823 1182 1859 adventus
1201 1822 1299 1858 diem
1319 1833 1383 1858 nos
1403 1832 1672 1868 praeparemus,
1693 1821 1777 1858 ideo

1002 1875 1042 1906 ut
1058 1869 1232 1905 continue
1253 1870 1298 1905 ad
1318 1879 1432 1915 opera
1452 1869 1628 1905 virtutum
1648 1880 1775 1905 aseen-

1003 1917 1083 1959 das,
1100 1917 1156 1951 vel
1172 1917 1303 1951 saltem
1320 1920 1561 1952 veliementer
1579 1916 1779 1951 ascendere

1004 1963 1209 2004 desideres,
1228 1969 1418 2009 ponuntur
1437 1964 1493 1998 liic
1507 1966 1780 2007 consequenter

1004 2010 1138 2056 aliqum
1161 2010 1325 2045 rationes
1340 2020 1407 2055 per
1428 2020 1521 2055 quas
1538 2009 1677 2056 poteris
1693 2020 1777 2045 sen-

1004 2058 1075 2092 tire
1120 2056 1310 2103 pigritiam
1349 2060 1385 2091 et
1421 2056 1648 2092 nihilitatem
1686 2055 1777 2092 boni

1007 2104 1105 2149 quod
1128 2103 1313 2149 incepisti,
1339 2107 1374 2138 et
1393 2114 1456 2138 cor
1483 2109 1587 2139 tuum
1619 2102 1779 2138 excitare

1007 2155 1042 2186 et
1071 2161 1220 2186 movere
1250 2150 1295 2185 ad
1335 2150 1495 2195 majores
1531 2150 1779 2196 perfectiones

971 2238 972 2241 Ἰ
1007 2197 1231 2233 omnimodae
1253 2197 1401 2231 virtutis
1430 2207 1540 2241 quam
1571 2208 1646 2232 non
1678 2196 1778 2231 ince-

1006 2244 1107 2290 pisti.
1127 2264 1171 2270 —
1190 2243 1312 2278 Prima
1327 2243 1421 2279 ratio
1439 2250 1509 2287 est,
1527 2243 1613 2289 quia
1631 2242 1661 2278 si
1681 2242 1778 2288 aspi-

1008 2291 1081 2327 cias
1093 2291 1280 2336 quomodo
1294 2292 1391 2325 Deus
1404 2294 1456 2325 est
1471 2290 1603 2336 dignus
1614 2290 1731 2325 amari
1744 2292 1780 2325 et

1006 2337 1198 2380 honorari,
1221 2337 1427 2373 secundum
1447 2347 1551 2373 suam
1573 2336 1779 2373 bonitatem

1007 2391 1043 2421 et
1072 2383 1307 2431 sapientiam,
1337 2387 1372 2419 et
1399 2383 1490 2419 alias
1524 2394 1610 2419 suas
1634 2383 1779 2419 nobiles

1007 2431 1267 2477 perfectioneS,
1284 2441 1366 2476 quae
1386 2433 1472 2465 suut
1492 2430 1530 2466 in
1552 2441 1595 2466 eo
1615 2429 1696 2465 siue
1712 2441 1780 2466 nu-

1006 2489 1110 2514 mero
1144 2482 1181 2513 et
1207 2478 1285 2513 sine
1317 2477 1490 2519 termino,
1513 2477 1657 2513 videbis
1679 2478 1779 2522 quod

1007 2526 1077 2561 hoc
1097 2525 1195 2570 quod
1213 2524 1401 2560 credidisti
1424 2526 1547 2560 tacere
1568 2524 1727 2560 multum
1742 2526 1778 2559 et

1007 2582 1183 2617 magnum
1201 2572 1246 2607 ad
1273 2571 1455 2606 honorem
1477 2571 1557 2615 Dei,
1582 2574 1619 2607 et
1637 2580 1779 2606 secuu-

1007 2619 1095 2655 dum
1116 2628 1221 2654 suam
1241 2617 1471 2653 voluntatem
1490 2621 1546 2653 est
1564 2617 1776 2660 minimum,

1007 2669 1043 2701 et
1064 2664 1169 2711 quasi
1188 2664 1280 2700 nihil
1301 2663 1339 2699 in
1353 2669 1521 2710 respectu
1542 2663 1643 2709 quod
1663 2663 1775 2699 debe-

1006 2715 1063 2747 ret
1084 2722 1165 2748 esse
1185 2711 1391 2747 secundum
1413 2711 1511 2756 quod
1529 2712 1626 2746 Deus
1645 2713 1700 2746 est
1717 2709 1774 2745 di-

1007 2770 1114 2805 gnus.
1137 2761 1210 2793 Ista
1235 2757 1330 2793 ratio
1354 2757 1491 2793 idcirco
1518 2757 1638 2802 primo
1665 2755 1774 2803 poni-

1006 2810 1080 2850 tur,
1104 2805 1191 2852 quia
1224 2803 1480 2851 principaliter
1510 2804 1688 2842 debemus
1716 2806 1776 2839 at·
