1907 3139
138 157 196 191 17⁶2
591 164 798 198 SECUNDAE
835 165 989 199 PARTIS
1027 166 1166 201 CAPUT
1205 169 1317 202 xxvi

140 229 312 278 nia-turm
339 229 399 266 ubi
424 231 540 267 David
567 233 748 270 habitavit
771 239 806 270 et
831 245 914 270 eam

142 276 329 325 civitatem
349 277 466 314 David
492 280 705 325 appellavit.
731 282 834 317 Unde
854 281 913 317 ci—

140 325 236 372 vitas
269 323 476 361 Jerusalem
507 326 642 364 dicitur
671 328 748 364 fllia
777 329 913 364 montis

141 367 243 421 Sion,
270 369 357 415 quia
378 371 417 407 in
445 384 488 408 eo
510 377 591 410 erat
616 374 835 411 fortalitium
859 378 912 411 ci-

138 418 279 460 vitatis,
293 416 434 455 scilicet
451 422 564 457 turris
576 422 691 458 David
707 423 912 459 defendens

140 464 408 514 etqprotegens
436 466 635 508 civitatem,
659 469 753 505 sicut
793 474 914 507 mater

140 508 259 545 filiam
281 521 290 554 3
321 513 419 548 unde
439 517 476 549 et
497 515 643 551 canitur
661 527 668 551 :
699 517 790 552 Urbs
807 519 915 560 forti-

140 556 281 592 tudinis
294 563 427 595 nostrae
444 562 542 596 Nion.
563 563 606 597 Ut
621 573 708 608 ergo
726 565 912 609 Propheta

140 613 291 639 omnem
326 609 599 644 excusationem
632 609 855 654 ignorantiae
893 623 915 648 a

140 650 282 687 Judaeis
302 653 478 694 auferret,
503 666 583 690 cum
603 657 750 692 Domini
778 659 915 694 adven-

142 698 465 750 tumpraediceret,
477 701 592 748 ipsam
613 704 830 749 qualitatem
846 707 913 753 DQ-

141 753 232 779 mtni
263 746 497 784 advenientis
529 750 818 794 ostendit:Reoe-‚
846 755 911 789 ait.

141 791 193 826 Ac
217 791 245 827 si
265 793 430 829 diceret:
451 796 477 831 Ο
497 807 560 832 vos
577 798 710 841 Judaei,
735 800 833 844 quod
852 800 913 836 illc

140 837 320 875 adventus
340 841 484 877 Domini
506 842 544 878 in
566 855 716 881 carnem
737 851 914 883 venturus

141 888 215 927 cst,
243 886 300 922 his
327 887 443 933 signis
471 891 609 936 Regem
637 896 804 937 vestrum,
827 905 913 937 cot:-

140 932 294 977 noscite,
331 945 413 970 cum
447 936 613 974 videritis
646 950 729 975 eum
759 939 912 977 venien-

142 981 217 1013 tem
238 988 488 1027 mansuetum,
517 995 590 1020 non
612 988 827 1032 superbum,
848 989 912 1024 sed

143 1025 346 1078 humilem;
376 1039 451 1065 non
484 1041 674 1068 armornm
714 1034 912 1080 splendore

141 1074 359 1117 terribilem,
384 1081 423 1111 ut
456 1078 645 1121 quondam
672 1081 718 1115 ad
750 1085 911 1118 vestram

136 1118 427 1157 destructionem
443 1125 798 1171 Nabuchodonosor,
812 1129 913 1164 Anti-

139 1166 254 1218 ochus
267 1168 371 1203 etalii
385 1178 581 1214 venerunt,
593 1173 657 1208 sed
670 1174 715 1209 ad
730 1179 911 1212 restaura-

140 1215 280 1249 nonem
301 1226 309 1258 ;
331 1226 402 1251 non
438 1222 476 1252 ut
500 1218 645 1255 auferat
662 1231 683 1256 a
705 1226 739 1257 te
766 1226 910 1269 tempo-

140 1260 218 1295 rale
253 1272 410 1307 regnum
449 1268 560 1310 atque
602 1270 808 1313 terrenum,
847 1271 910 1306 sed

140 1307 337 1343 conserens
355 1309 436 1353 tibi,
459 1311 487 1346 si
511 1313 728 1359 credideris,
760 1317 911 1353 coeleste

139 1357 176 1389 et
196 1355 464 1401 sempiternum
483 1369 638 1405 regnum
661 1373 668 1405 ;
694 1373 768 1398 non
789 1370 827 1399 ut
845 1365 911 1400 du—

140 1404 197 1436 cat
218 1403 300 1437 lein
319 1407 457 1440 terram
477 1406 638 1443 alienam
656 1408 830 1450 vinctum,
844 1411 908 1447 sed

137 1452 177 1482 ut
203 1448 377 1485 restituat
403 1455 439 1487 te
476 1451 513 1487 iu
539 1455 691 1500 propria
732 1456 905 1493 liberum.

138 1494 242 1536 Quod
271 1500 396 1532 autem
422 1502 504 1533 tuus
525 1500 590 1544 ait,
620 1502 691 1537 tale
717 1508 786 1546 est,
814 1515 856 1539 ac
879 1505 908 1539 si

139 1540 305 1577 diceret:
327 1545 438 1587 Tuus,
460 1547 625 1591 inquam,
650 1560 724 1584 non
750 1550 906 1595 alienus,

135 1598 209 1623 non
231 1592 441 1633 extraneus,
459 1592 524 1627 sed
546 1595 719 1640 proprius
736 1596 802 1631 tibi
823 1608 906 1642 pro-

133 1634 278 1679 missus,
295 1647 339 1671 ex
360 1641 395 1672 te
417 1642 539 1682 natus,
559 1641 648 1676 etin
669 1648 703 1677 te
722 1644 905 1689 nutritum

131 1685 166 1716 et
188 1682 268 1734 tibi,
305 1684 374 1719 hoc
396 1688 450 1720 est
483 1686 530 1721 ad
566 1691 667 1724 tuam
691 1690 848 1726 salutern
871 1698 907 1727 et

130 1728 331 1765 utilitatem
362 1731 541 1777 veniens;
579 1738 687 1773 venit.
737 1738 903 1783 inquam,

131 1776 212 1827 tg'bz',
238 1787 309 1811 non
331 1778 414 1822 sibi,
433 1779 529 1815 sicut
547 1783 692 1826 praelati
716 1785 819 1819 multi
838 1796 904 1831 po-

129 1826 202 1857 tius
231 1826 381 1860 veniunt
410 1826 457 1861 ad
486 1827 713 1865 visitandum
751 1837 905 1878 propter

128 1869 271 1922 lucrum
291 1881 415 1916 suum,
436 1884 549 1918 quam
573 1886 724 1922 propter
745 1878 902 1916 salutem

128 1917 380 1959 subditorum.
413 1921 556 1957 scilicet
583 1927 623 1958 ut
647 1935 732 1960 snas
770 1936 902 1971 procu-

129 1963 294 2000 rati0nes
330 1965 529 2013 accipiant,
568 1970 687 2016 magis
715 1983 827 2016 quam
865 1978 903 2010 ut

129 2010 294 2047 desertus
327 2013 664 2062 corrigantzquod
695 2030 782 2055 vero
813 2022 903 2057 sub-

123 2057 295 2102 jungitur
323 2070 331 2094 z
365 2067 586 2109 mans-uetus,
612 2066 773 2101 ostendit
798 2078 903 2104 suam

129 2107 457 2157 mansuetudinem
477 2120 550 2145 non
570 2111 691 2148 >olum
710 2112 747 2148 in
763 2114 902 2159 verbis,

126 2151 191 2185 sed
228 2156 341 2188 enam
388 2153 425 2189 in
465 2157 671 2203 subjugalis
715 2161 900 2198 sessione.

128 2197 232 2232 Unde
257 2200 528 2244 chrysostomus
552 2215 559 2239 :
584 2219 600 2237 «
625 2206 753 2243 Sciens
773 2213 902 2245 autem

127 2244 314 2290 Propheta
338 2248 519 2285 malitiam
545 2252 775 2299 Judaeorum,
815 2256 903 2301 quia

128 2292 398 2329 contradcturi
437 2301 545 2332 erant
588 2299 735 2336 Christo
771 2313 901 2339 ascen-

130 2337 233 2389 denti
261 2338 299 2374 in
314 2342 508 2387 templum,
531 2343 614 2380 ideo
637 2351 724 2383 ante
744 2359 899 2394 praemo·

126 2387 222 2427 nuit,
237 2389 284 2437 'ut
299 2398 361 2429 per
380 2388 450 2424 hoc
465 2390 611 2435 signum
631 2400 904 2439 cognoscerent

126 2432 243 2466 Judael
271 2433 409 2479 Regem
443 2447 566 2483 suum,
604 2439 765 2478 dicens:
808 2445 902 2480 Ecce

122 2479 200 2514 Reoe
233 2482 315 2514 tuas
344 2483 441 2517 venit
475 2485 543 2519 tibi
577 2493 817 2535 mansuetus,
852 2502 905 2526 se·

123 2525 208 2560 dens
243 2536 351 2571 super·
385 2531 531 2566 asinam
564 2536 597 2567 et
632 2536 774 2579 pullum
809 2538 902 2582 ejus,

119 2572 209 2607 Cum
231 2583 321 2618 ergo
356 2574 527 2612 videritis
564 2590 650 2616 eum
681 2583 715 2617 in
743 2585 900 2631 templo,

122 2628 142 2653 o
162 2619 297 2664 Judaei,
322 2622 439 2657 nolite
460 2623 583 2661 dicere
604 2638 611 2662 :
636 2630 715 2664 Non
729 2631 902 2667 habemus

118 2676 252 2712 reyem,
278 2669 352 2703 nise·
374 2670 570 2715 Οεθςανειης
594 2674 706 2712 nolite
742 2682 902 2724 superbe

117 2723 229 2759 agere
262 2719 390 2751 contra
422 2728 506 2754 euin
537 2731 543 2755 :
576 2721 683 2766 Quia,
718 2725 793 2761 Rea>
819 2730 902 2762 ταας

118 2762 217 2797 venit
254 2762 334 2807 tibi,
370 2764 498 2801 sedens
536 2777 644 2814 super
675 2772 829 2810 asinam.
864 2775 901 2810 Si

988 235 1230 280 intellexeris,
1262 237 1329 273 tibi
1353 237 1503 282 veniet;
1531 238 1561 275 si
1596 249 1672 275 non
1707 240 1761 274 in-

988 283 1173 325 telexeris,
1198 284 1322 321 veniet
1345 289 1476 322 contra
1499 289 1549 326 te,
1577 285 1615 322 id
1639 289 1708 331 est,
1732 286 1763 322 si

988 329 1213 367 intellexeris
1240 332 1363 368 veniet
1402 336 1442 369 ut
1483 335 1599 369 salvet
1638 337 1688 377 te,
1728 336 1765 369 et

988 378 1056 413 sub
1082 378 1238 424 pedibus
1276 379 1348 415 tuis
1371 379 1551 425 subjiciat
1597 381 1763 424 Gentes;

988 423 1019 459 si
1039 429 1164 461 autem
1198 437 1272 462 non
1292 425 1536 469 intellexeris,
1561 427 1687 463 veniet
1724 431 1762 463 ut

986 472 1119 517 perdat
1144 476 1193 516 te,
1235 476 1272 508 et
1299 475 1343 509 de
1372 474 1512 520 templo
1552 474 1764 510 sanctitatis

987 519 1158 564 expellat,
1184 523 1220 555 et
1246 520 1357 555 aliam
1383 531 1560 566 sponsam
1582 522 1628 557 de
1665 522 1762 557 Gen-

986 565 1084 601 tibus
1106 566 1305 602 castiorem
1322 566 1473 603 inducat
1493 568 1530 603 in
1550 567 1763 604 cubiculum

986 613 1203 648 sanctitatis,
1226 613 1289 648 Vis
1316 624 1544 659 cognoscere
1583 625 1762 651 mansue·

986 659 1154 695 tudinem
1180 659 1398 696 venientis?
1442 661 1648 697 Considera
1675 673 1762 708 spe-

987 706 1080 741 ciem
1112 707 1293 743 adventus
1328 707 1457 753 ipsius.
1487 709 1566 744 Non
1592 709 1696 745 sedet
1723 709 1760 745 in

988 764 1098 789 curru
1133 765 1260 797 aureo,
1291 755 1454 799 pretiosa
1486 766 1652 801 purpura
1693 756 1761 792 sul-

987 811 1092 846 gens,
1131 812 1198 836 nec
1227 802 1396 837 ascendit
1426 813 1540 848 super
1575 803 1761 839 fervidum

987 858 1123 893 equum
1155 848 1351 884 discordiae
1373 854 1581 885 amatorem
1614 857 1651 886 et
1671 849 1761 894 litis,

987 894 1049 940 qui
1087 895 1215 941 gloriae
1252 896 1433 941 Jactantia
1483 900 1612 943 pectus
1651 897 1765 934 habet

987 942 1184 987 repletum,
1207 946 1242 978 et
1257 944 1397 988 gaudet
1415 943 1462 979 ad
1489 954 1618 979 vocem
1641 944 1761 988 tubae;

987 989 1051 1024 sed
1072 989 1176 1025 sedet
1197 1000 1310 1034 super
1328 990 1484 1032 asinam,
1508 991 1763 1036 tranquillita-

989 1036 1033 1072 tis
1057 1039 1092 1071 et
1113 1035 1214 1082 pacis
1246 1038 1418 1073 amicam.
1454 1039 1534 1073 Non
1561 1043 1690 1074 aulem
1710 1038 1762 1074 vi-

986 1083 1051 1118 des
1071 1093 1109 1118 ln
1131 1083 1285 1120 circuitu
1309 1085 1390 1130 ejus
1417 1084 1658 1130 splendentes
1681 1085 1764 1130 gla-

986 1129 1082 1171 dios,
1106 1134 1170 1166 aut
1192 1134 1316 1167 cetera
1334 1135 1556 1167 ornamenta
1569 1142 1765 1168 armorum

985 1177 1222 1213 terribilium.
1244 1178 1316 1214 Sed
1344 1178 1432 1224 quid
1455 1179 1473 1214 ?
1501 1180 1640 1214 Ramos
1661 1179 1764 1215 fron-

985 1223 1128 1267 dentes,
1152 1223 1368 1261 testimonia
1395 1225 1546 1271 pietatis
1584 1230 1620 1261 et
1640 1225 1761 1271 pacis.

985 1270 1093 1306 Venit
1119 1282 1207 1316 ergo
1245 1276 1481 1311 mansuetus.
1505 1282 1591 1308 nam
1615 1277 1654 1308 ut
1678 1283 1764 1319 pro-

984 1321 1067 1363 pter
1107 1318 1436 1354 mansuetudinem
1477 1323 1705 1356 amaretur:
1743 1336 1759 1351 »

984 1366 1063 1400 haec
1085 1366 1371 1410 chrysostomus.

1031 1415 1051 1446 6
1073 1413 1244 1455 Mrsnce,
1272 1424 1345 1448 effic
1372 1424 1572 1449 PROPERTIA
1594 1425 1760 1450 APPLICA-

982 1470 1049 1493 Tun
1092 1460 1282 1495 Eccmzsoe.
1318 1480 1362 1486 —-
1389 1460 1555 1505 Mystice,
1591 1460 1717 1505 dicite,
1739 1472 1759 1497 ο

982 1505 1263 1550 praedicatores.
1292 1506 1380 1542 filiae
1412 1506 1514 1545 Sion.
1547 1507 1583 1543 id
1611 1513 1666 1543 est
1693 1510 1757 1543 Ec-

981 1551 1103 1587 clesiae
1139 1552 1326 1593 militanti,
1357 1554 1452 1589 sicut
1479 1553 1569 1589 olim
1599 1555 1755 1591 Jerusa-

982 1598 1053 1633 lem
1076 1598 1212 1634 dicilur
1241 1611 1248 1634 :
1280 1600 1355 1635 filia
1384 1600 1486 1644 Sion,
1511 1601 1597 1647 quia
1617 1603 1663 1637 ab
1687 1603 1756 1638 hoc

981 1649 1106 1681 monte
1128 1645 1222 1681 sicut
1242 1657 1264 1682 a
1280 1651 1398 1683 matre
1416 1648 1562 1693 protegi
1590 1648 1754 1694 videtur,

980 1692 1031 1727 sic
1064 1692 1228 1728 Ecclesia
1269 1694 1434 1729 militans
1461 1694 1540 1730 filia
1580 1695 1756 1731 Ecclesiae

981 1739 1247 1785 triumphantis
1269 1740 1417 1784 dicitur,
1432 1743 1520 1787 qnia
1548 1743 1595 1778 ab
1622 1753 1666 1779 ea
1684 1742 1755 1778 sic-

979 1789 1018 1821 ut
1059 1796 1080 1821 a
1111 1790 1229 1822 matre
1272 1788 1513 1834 protegitur:
1553 1791 1645 1824 Ecce
1683 1791 1756 1825 Rex

978 1836 1063 1868 tuus
1081 1835 1182 1869 venit
1220 1834 1301 1878 tibi,
1335 1834 1372 1870 id
1406 1839 1462 1870 est
1485 1836 1532 1871 ad
1557 1835 1754 1872 utilitatem

978 1883 1095 1923 tuam,
1120 1891 1193 1915 non
1221 1892 1350 1925 suam3
1374 1882 1510 1918 sedens
1537 1893 1649 1929 super
1685 1883 1756 1919 asi-

979 1938 1066 1962 nam
1087 1933 1122 1962 et
1155 1928 1310 1973 pullum,
1336 1929 1372 1964 id
1395 1933 1450 1964 est
1475 1929 1513 1965 in
1535 1930 1755 1976 praecordiis

978 1974 1170 2020 utriusque
1218 1975 1356 2021 populi.
1400 1976 1511 2019 Quasi
1563 1977 1704 2013 diceret
1745 1989 1753 2013 :

979 2022 1183 2057 Praedicate
1211 2023 1351 2057 mundo
1373 2023 1575 2058 adventum
1611 2023 1753 2060 Christi

977 2067 1014 2103 in
1036 2078 1201 2112 carnem,
1228 2072 1268 2104 ut
1294 2074 1542 2115 cognoscatur
1563 2074 1599 2106 et
1620 2071 1751 2107 creda-

977 2118 1053 2159 tur,
1073 2119 1112 2151 ut
1130 2115 1332 2160 recipiatur
1360 2121 1396 2151 et
1413 2117 1574 2152 colatur.

1024 2177 1043 2208 7
1065 2163 1223 2198 vaenum
1244 2174 1471 2199 SUBSTRATIO.
1496 2183 1540 2190 —-
1564 2165 1606 2199 Et
1627 2164 1758 2201 subdi-

976 2212 1037 2244 tur
1053 2220 1061 2244 :
1075 2211 1210 2245 Eantes
1224 2214 1346 2245 autem
1362 2211 1551 2256 discipuli,
1565 2214 1758 2257 tamquam

979 2255 1054 2291 veri
1078 2255 1296 2292 obedientes
1315 2268 1389 2293 non
1408 2259 1666 2293 refutaverunt
1686 2259 1758 2294 hoc

977 2302 1141 2339 officium
1158 2307 1197 2338 ut
1211 2314 1383 2349 parvum;
1404 2305 1469 2340 sed
1484 2307 1759 2348 fecerunt.sicut

974 2351 1145 2396 praecepit
1180 2351 1258 2385 iltis
1295 2353 1412 2387 Jesus.
1448 2354 1496 2387 Et
1519 2352 1758 2387 adduoeerunt

977 2399 1120 2432 asinam
1158 2400 1191 2432 et
1223 2399 1398 2443 pullum;
1445 2402 1478 2433 et
1504 2401 1754 2444 imposuerunt

977 2454 1085 2489 super
1104 2454 1160 2478 eos
1180 2446 1394 2480 vestimenta
1418 2456 1498 2486 sua,
1526 2449 1559 2480 et
1590 2456 1668 2481 eum
1691 2446 1752 2481 de-

977 2502 1086 2536 super
1103 2491 1223 2526 sedere
1241 2493 1418 2534 fecerunt.
1444 2491 1502 2527 Sic
1526 2503 1692 2538 quoque,
1714 2496 1751 2529 ut

977 2537 1066 2573 dicit
1091 2539 1266 2579 Basilius,
1300 2540 1407 2574 decet
1440 2549 1509 2574 nos
1548 2545 1585 2574 et
1621 2539 1750 2576 intima

978 2595 1091 2630 opera
1114 2585 1273 2630 plurimo
1297 2595 1381 2621 cum
1407 2586 1546 2621 affectu
1569 2589 1604 2621 et
1627 2586 1752 2622 studio

977 2631 1146 2677 aggredi,
1168 2631 1329 2667 scientes
1350 2633 1449 2677 quod
1472 2632 1656 2678 quidquid
1692 2633 1751 2668 in-

978 2679 1073 2715 tuitu
1089 2678 1152 2715 Dei
1176 2678 1231 2722 fit,
1253 2689 1327 2715 non
1350 2684 1405 2715 est
1423 2690 1590 2725 parvum,
1607 2680 1672 2716 sed
1694 2679 1754 2715 di-

978 2736 1091 2771 gnum
1129 2736 1244 2771 regno
1284 2727 1477 2763 coelorum.
1521 2726 1753 2779 Yestimenta

978 2773 1256 2821 Apostolorum,
1282 2773 1416 2821 quibus
1451 2773 1642 2822 turpitudo
1670 2783 1750 2812 car-

1870 374 1877 378 '
1862 186 1897 331 ⁴5³.5'*'*⁸›“*‹
1866 168 1877 179 '⁵

1883 1307 1899 1346 ..³
1880 1119 1907 1295 *Dyman-
1886 1078 1900 1098 .‘
