1907 3139
152 158 210 195 374
789 167 927 203 INDEX
965 168 1154 204 CAPITUM

527 275 677 314 CAPUT
697 279 805 315 XVII.
830 300 870 305 -·
888 281 938 315 De
955 281 1230 318 resuscitatione
1247 282 1393 319 Lazari.

178 398 189 420 1
217 385 369 422 Morbus
391 386 519 424 Lazari
538 388 687 425 Christo
708 399 805 425 nun·
1015 408 1034 439 7
1059 393 1219 429 Lazarus
1238 394 1343 431 vivus
1374 394 1447 431 exit
1479 405 1501 431 a
1529 405 1653 430 monu-

197 431 326 469 tiatur.
861 453 871 473 1
884 453 895 474 1
904 442 923 473 5
1039 443 1179 475 mento.
1710 455 1720 475 1
1729 454 1771 476 20

177 492 195 514 2
215 479 293 522 Quo
309 491 418 517 sensu
433 481 600 518 Christus
616 481 807 527 discipulis
1016 489 1035 522 8
1064 487 1216 532 Mystice
1263 497 1364 523 mors
1407 488 1544 525 animae
1587 499 1653 535 per

199 526 333 563 dixerit
391 540 400 564 ι
455 530 616 565 Lazarus
666 528 807 565 amicus
1038 538 1199 570 mortem
1218 534 1345 570 Lazari
1368 534 1527 581 signata.
1708 548 1763 570 121

199 577 327 611 noster
344 575 515 611 dormit?
862 582 925 616 116
1016 595 1035 626 9
1060 582 1192 616 Decem
1220 591 1303 627 quae
1326 581 1465 618 debent
1493 592 1652 618 concur-

173 623 194 656 5
217 621 356 667 Aperte
392 622 446 659 eis
485 626 644 658 mortem
679 624 807 662 Lazari
1040 638 1124 663 rere
1162 627 1200 662 in
1243 630 1452 673 peccatoris
1492 629 1652 665 resusci-

196 668 374 705 nuntians
394 668 515 715 pergit
539 669 774 708 Bethaniarn.
861 688 922 719 117
1040 674 1182 710 tatione
1202 704 1208 715 ,
1248 685 1312 719 per
1352 675 1655 712 circumstantias

173 718 195 759 4
218 716 363 752 Martha
407 719 444 752 et
491 715 607 752 Maria
646 717 805 754 Domino
1040 720 1295 758 suscitationis
1314 723 1441 760 Lazari
1464 722 1628 768 signata.
1710 736 1769 759 121

196 766 411 800 occurrunt.
599 809 605 815 ·
859 781 922 814 117
997 770 1097 805 1011]
1152 779 1263 806 sensu
1315 770 1449 807 morali
1495 771 1656 807 Lazarus

175 811 193 844 5
221 810 429 854 FremituS‚
468 810 632 847 turbatio
671 815 708 846 et
747 812 803 848 la·
1039 819 1096 851 est
1132 818 1243 862 typus
1285 817 1451 863 graviter
1492 820 1655 853 tentato-

190 867 327 901 crymae
344 857 479 894 Christi
858 863 922 898 118
1039 873 1136 899 rum.
1709 876 1773 902 122

171 903 384 940 6Dominus
401 906 548 940 Patrem
564 914 674 941 suum
690 916 804 943 orans
996 924 1031 945 11
1056 911 1216 956 Tempus
1255 921 1328 957 quo
1370 913 1560 958 patratum
1600 914 1657 947 est

194 951 242 986 ad
262 955 549 989 monumentum
563 953 693 991 Lazari
716 954 805 999 quid
1040 958 1109 992 hoe
1129 957 1353 997 miraculum
1382 962 1419 995 et
1450 957 1568 1006 ipsius
1601 958 1655 994 ef-

194 1007 262 1034 nos
281 997 447 1034 doceat?
860 1016 872 1038 1
884 1016 924 1049 ¹9
1040 1003 1174 1041 fectus.
1712 1007 1774 1042 123

149 1120 298 1158 CAPUT
317 1122 443 1159 XVIII.
470 1142 514 1150 —
541 1125 592 1159 De
615 1127 884 1172 conspiratione
918 1129 1128 1175 Pontificum
1149 1132 1183 1166 et
1207 1130 1473 1168 Pharisaeorum
1494 1132 1620 1165 contra
1637 1130 1773 1165 Jesum.

176 1252 188 1274 1
208 1235 447 1274 Conciliuma
461 1237 662 1274 Pharisaeis
674 1242 805 1278 eontra
1023 1247 1044 1286 4
1069 1243 1153 1286 Cur,
1176 1241 1304 1279 habito
1325 1243 1396 1279 hoc
1425 1252 1540 1288 pravo
1572 1252 1658 1279 con-

194 1286 321 1321 Jesum
343 1285 553 1323 collectum.
862 1291 924 1323 125
1047 1290 1146 1334 cilio,
1167 1290 1304 1335 fugerit
1323 1290 1530 1326 Dominus?
1712 1293 1776 1325 126

175 1345 192 1369 α
215 1331 364 1378 Caiphae
383 1332 573 1369 pontificis
596 1333 686 1370 anni
707 1333 805 1371 illius
1024 1340 1042 1372 5
1059 1337 1161 1373 Multi
1174 1337 1290 1373 Judaei
1305 1337 1577 1383 Jerosolymam
1595 1348 1655 1373 ve-

194 1379 407 1425 prophetia.
860 1388 925 1428 124
1050 1385 1193 1421 uientes
1211 1385 1258 1421 ad
1280 1385 1410 1421 festum
1435 1385 1588 1421 Paschae
1611 1385 1657 1420 de

172 1430 193 1462 5
215 1426 364 1473 Triplici
387 1429 432 1465 de
452 1429 599 1466 ratione
620 1428 804 1475 expedivit
1047 1432 1181 1468 Christi
1204 1432 1378 1469 absentia
1406 1432 1653 1468 sciscitantur.
1711 1436 1774 1468 126

199 1474 387 1512 Christum
415 1476 524 1513 mori.
862 1482 924 1515 125
1024 1482 1044 1515 6
1067 1479 1132 1516 Pia
1149 1481 1315 1516 auctoris
1333 1479 1596 1516 consideratio.
1713 1492 1773 1526 ¹²7

402 1600 552 1639 CAPUT
573 1602 664 1639 XIX.
689 1622 732 1629 —
754 1604 803 1638 De
824 1603 943 1640 decem
969 1605 1121 1651 leprosis
1143 1616 1165 1641 α
1185 1606 1335 1641 Domino
1364 1605 1514 1641 curatis.

172 1720 183 1741 1
196 1704 366 1741 Christus
381 1716 448 1742 suo
463 1707 631 1752 exemplo
644 1710 805 1752 quatuor
1016 1715 1035 1755 4
1059 1711 1178 1756 Lepra
1195 1714 1249 1747 est
1266 1713 1461 1757 peccatum
1481 1710 1521 1746 in
1541 1720 1653 1747 sensu

192 1751 347 1788 virtutes
366 1753 576 1790 cardinales
593 1764 662 1790 nos
679 1755 800 1792 docet.
859 1760 921 1794 128
1043 1757 1215 1804 mystico.
1709 1760 1772 1794 150

172 1813 188 1835 2
215 1799 400 1836 Occursus
438 1803 475 1836 et
511 1801 705 1838 mundatio
744 1803 807 1840 de·
1015 1809 1034 1841 5
1056 1806 1228 1851 Quinque
1261 1804 1432 1842 facienda
1462 1815 1484 1841 a
1521 1815 1656 1852 pecca-

192 1856 273 1882 cem
290 1846 541 1892 leprosorum.
858 1865 920 1898 ¹29
1038 1855 1119 1888 tore
1141 1852 1266 1889 sanari
1287 1854 1449 1889 volente.
1708 1855 1768 1888 151

168 1897 188 1929 5
210 1895 249 1929 In
295 1894 529 1930 Samaritano
545 1925 555 1940 ,
596 1895 658 1941 qui
702 1897 803 1933 solus
1015 1903 1035 1935 6
1057 1899 1151 1943 Quid
1199 1901 1350 1945 signant
1395 1899 1654 1936 Samaritanus

191 1940 331 1986 gratias
374 1946 525 1977 acturus
574 1943 775 1979 revertitur
793 1975 800 1988 ‚
1038 1946 1189 1982 rediens
1229 1950 1265 1983 et
1302 1957 1434 1983 novem
1471 1946 1535 1982 alii
1576 1957 1651 1982 non

190 1989 404 2033 reprobatio
419 1989 634 2026 Judaeorum
652 1994 688 2026 et
705 1991 799 2027 Gen-
1038 1997 1271 2030 revertentes
1285 1994 1302 2029 ‘?
1707 1997 1767 2030 151

190 2033 311 2071 tilium
336 2035 479 2071 vocatio
500 2038 777 2084 praeliguratur.
855 2043 918 2075 150
1017 2056 1035 2087 7
1060 2040 1345 2087 ingratitudinis
1365 2040 1626 2087 reprehensio.
1707 2044 1769 2076 152

307 2165 455 2208 CAPUT
484 2167 558 2205 XX.
581 2186 625 2194 —
644 2170 694 2204 De
711 2169 960 2209 samaritanis
985 2172 1184 2218 hospitium
1202 2173 1352 2208 Domino
1375 2172 1606 2217 neqantibus.

172 2286 183 2308 1
215 2272 387 2309 Sebastes
425 2273 558 2310 incolae
596 2275 799 2321 hospitium
1014 2281 1034 2314 5
1058 2279 1150 2315 Laus
1170 2277 1375 2325 patientias.
1707 2283 1766 2323 154

189 2319 337 2356 Christo
357 2321 562 2367 denegant.
852 2327 916 2361 155
1015 2329 1037 2369 4
1057 2326 1164 2362 Zelus
1197 2325 1424 2362 indiscretus
1454 2325 1652 2371 Apostolo-

169 2379 185 2402 2
222 2367 444 2404 Volentibus
478 2369 624 2405 nullum
656 2374 713 2406 est
750 2370 797 2406 ad
999 2391 1003 2395 .
1039 2383 1137 2409 rum.
1707 2377 1771 2410 155

186 2414 344 2451 salutem
366 2415 691 2461 impedimentum.
849 2421 914 2462 154
1015 2422 1034 2455 5
1056 2421 1116 2456 Ira
1135 2423 1172 2456 et
1190 2421 1280 2456 ultio
1296 2420 1459 2457 vitandae
1477 2423 1575 2456 sunt.
1705 2424 1769 2458 156

482 2545 632 2582 CAPUT
649 2547 740 2584 XXI.
761 2567 803 2575 -
818 2549 868 2584 De
882 2549 1057 2595 petitione
1073 2550 1231 2595 fitiorum
1247 2548 1419 2586 Zebedaei.

1017 2669 1034 2691 2
1061 2655 1272 2691 Jerusalem
1308 2654 1411 2692 locus
1458 2655 1649 2693 Passionis

1036 2701 1187 2739 Christi.
1701 2707 1763 2750 157

1010 2753 1030 2785 5
1049 2751 1178 2785 Partes
1209 2749 1427 2786 Judaeorum
1454 2754 1491 2787 et
1512 2750 1644 2787 Genti-

171 2664 182 2685 1
205 2649 278 2686 Cur
295 2650 435 2697 pluries
455 2651 672 2688 Passionem
690 2663 794 2690 suam

187 2697 375 2742 Apostolis
419 2699 631 2745 praedixerit
669 2701 794 2737 Domi-

187 2754 258 2781 nus
269 2745 287 2780 ?
849 2752 911 2784 156
