1907 3139
127 177 166 209 88
585 173 795 208 SECUNDAE
831 172 988 206 PARTIS
1026 172 1160 206 CAPUT
1198 171 1287 204 xlii

125 246 221 282 velle
255 248 380 282 autem
415 246 539 291 potest
555 271 564 289 ,
605 242 693 289 quia
727 242 901 279 voluntas

125 293 239 329 etiam
270 291 559 339 impossibilium
592 295 662 327 est.
692 290 791 326 Licet
813 300 901 336 ergo

122 344 224 377 esset
244 351 386 387 pauper
402 339 440 375 in
468 342 568 382 actu,
592 341 717 374 tamen
740 337 904 373 habebat

123 387 242 424 multa
261 387 300 423 in
327 386 516 434 potentia3
539 389 576 421 et
596 385 684 431 quia
718 395 786 430 per
811 394 902 430 pau-

120 438 307 481 pertatem
330 433 582 470 voluntariam
602 443 678 468 non
700 432 821 467 solum
842 441 904 466 re-

122 482 345 527 linquuntur
373 491 544 526 possessa
579 479 617 514 in
643 482 742 523 actu,
776 479 841 514 sed
869 480 906 513 et

121 528 354 576 possibilitas
377 526 596 573 acquirendi
625 530 661 562 et
686 523 905 571 possidendi

123 575 226 620 allia,
245 578 282 611 et
304 577 375 611 ista
395 573 629 621 possibilitas
652 573 777 618 aliquo
793 572 904 608 modo

125 633 166 659 se
193 622 360 659 extendit.
395 622 442 658 ad
475 620 624 664 omnia;
657 620 741 655 ideo
770 629 906 655 conve-

126 670 277 706 nienter
299 671 434 705 Petrus
454 667 559 709 dixit,
583 667 683 713 quod
702 666 832 702 omnia
851 677 908 701 re-

128 716 251 762 liquit,
274 716 362 762 quia
385 725 537 751 omnem
570 713 814 760 cupiditatem
849 712 907 748 di-

128 764 243 801 misit.
268 765 349 800 Non
375 767 502 798 autem
523 761 570 797 ad
589 761 825 808 J‘actantiam,
843 760 909 796 sed

129 810 293 847 veridice
313 815 349 846 et
364 810 411 845 ad
429 812 596 845 nostram
624 808 910 844 instructionem

130 857 298 904 loquitur
313 858 460 901 Petrus,
475 860 516 892 ut
538 856 601 891 det
618 855 793 891 fiduciam
815 865 909 901 pau-

130 905 298 952 peribus,
317 915 365 940 ne
386 904 487 939 solos
511 902 645 939 divites
667 902 731 948 qui
760 901 911 938 divitias

131 955 287 998 possunt
306 950 534 996 relinquere,
553 949 741 986 aestiment
759 950 806 985 ad
826 960 911 995 per-

130 999 304 1035 fectionis
331 998 492 1044 gratiam
519 997 728 1043 pervenire.
752 997 913 1032 Possunt

130 1056 267 1091 nempe
307 1044 505 1091 pervenire
546 1047 583 1080 et
613 1054 813 1089 pauperes,
850 1044 912 1088 qui

131 1103 214 1138 quae
236 1093 392 1135 habent,
414 1092 546 1126 saltem
568 1091 737 1126 animum
758 1094 793 1126 et
820 1090 912 1126 affe-

131 1142 231 1175 ctum
253 1137 434 1182 habendi,
459 1138 662 1183 relinqunt.
687 1138 805 1183 113105
828 1138 910 1182 (1111-

131 1186 217 1221 (1001
244 1190 300 1221 051
330 1184 493 1221 habcndi
526 1187 774 1227 voluntatem,
800 1195 913 1229 quam

128 1233 251 1277 ipsum
271 1234 410 1268 habere
435 1231 713 1277 derelinquere.
743 1232 850 1275 Nam,
874 1236 914 1267 ut

131 1280 221 1316 dicit
243 1281 475 1322 Auqusti'nus
507 1292 516 1314 :
552 1291 569 1312 «
593 1278 718 1314 Multis
742 1283 911 1314 mortuus

133 1330 189 1363 est
209 1327 384 1370 mundus,
398 1326 468 1372 ipsi
482 1328 608 1361 tamen
626 1324 788 1360 vicissim
806 1336 913 1361 muu-

135 1375 182 1411 do
196 1372 332 1409 mortui
351 1384 426 1408 non
445 1376 554 1416 sunt·,
574 1373 674 1408 bona
689 1373 788 1407 enim
804 1373 914 1417 hujus

136 1420 253 1458 seculi
285 1419 458 1465 diligunt,
489 1422 527 1454 et
546 1423 673 1454 tamen
696 1419 789 1464 ipsa,
829 1430 912 1464 quae

139 1467 317 1512 diligunt,
359 1466 513 1502 minime
563 1470 858 1511 consequuntur.
897 1478 913 1498 »

138 1516 245 1556 Item,
265 1512 355 1549 dicit
379 1515 447 1548 hoc
465 1514 610 1556 Petrus,
624 1516 663 1548 ut
680 1512 835 1548 divitum
855 1523 916 1548 su-

137 1561 310 1608 perbiam
330 1561 526 1605 reprimat,
555 1570 600 1594 110
625 1561 689 1604 (101
715 1560 841 1605 plures
862 1559 917 1594 di-

137 1608 248 1644 vitias
270 1606 519 1652 reliquerunt,
540 1616 645 1641 suam
667 1605 917 1641 humilitatem

140 1655 331 1696 deserant,
363 1657 399 1688 et
432 1664 617 1699 pauperes
660 1656 917 1696 contemnant,

139 1713 183 1739 ac
205 1700 338 1737 ceteris
357 1703 602 1746 perl‘ectiores
618 1710 656 1735 se
679 1700 816 1736 dicant.
840 1701 918 1735 Non

139 1749 243 1785 enim
265 1749 327 1793 qui
347 1748 456 1793 plura
476 1746 648 1792 reliquit;
671 1747 736 1782 sed
759 1747 820 1792 qui
844 1758 920 1782 ma-

134 1795 231 1843 joris
266 1794 477 1830 dilectionis
507 1795 643 1829 affectu
681 1793 919 1839 relinquendi

140 1842 283 1886 omnia,
308 1841 495 1877 Christum
518 1841 773 1886 consequitur,
796 1842 920 1887 perte-

141 1889 236 1926 ctior
259 1893 316 1925 est
349 1888 541 1925 dicendus.
567 1889 670 1924 Unde
698 1889 918 1934 putandum,

142 1936 243 1983 quod
263 1937 397 1971 Petrus
412 1935 531 1981 magis
547 1936 740 1971 conlidens
767 1936 813 1971 de
838 1936 920 1971 ani-

144 1994 206 2019 mo
235 1987 271 2019 et
291 1983 427 2018 affectu
462 1993 543 2026 suo,
565 1993 679 2028 quam
705 1983 750 2018 de
772 1983 920 2028 quanti-

144 2033 220 2066 tate
243 2032 406 2075 ipsarum
427 2040 555 2065 rerum
571 2029 802 2074 relictarum,
822 2030 917 2065 fidu-

147 2077 291 2113 cialiter
311 2080 348 2112 et
367 2077 601 2112 confidenter
621 2076 673 2111 ait
702 2088 709 2112 :
746 2079 834 2112 Ecce
858 2088 922 2112 izos

145 2125 364 2168 reliquimus
394 2126 535 2158 omnia.
574 2124 677 2159 Unde
713 2124 883 2168 Origenes
911 2137 921 2159 .·

146 2185 165 2203 «
188 2170 265 2206 Etsi
294 2170 395 2206 enim
422 2170 576 2206 minima
597 2181 680 2206 cum
704 2171 818 2207 fratre
840 2171 924 2207 reli-

145 2217 238 2263 quit,
260 2217 326 2252 sed
348 2228 423 2252 non
445 2216 602 2252 minima
631 2221 714 2253 sunt
737 2218 923 2254 aestimata

144 2265 245 2310 apud
266 2265 383 2299 Deum
404 2264 706 2299 considerantem
721 2276 728 2307 ;
744 2265 922 2311 quoniam

143 2322 186 2347 ex
211 2314 318 2346 tanta
348 2309 582 2356 plenitudine
615 2311 829 2347 dilectionis
859 2313 924 2348 illa

142 2357 300 2393 minima
326 2357 574 2403 reliquerunt,
603 2360 642 2392 ut
663 2359 809 2394 etiamsi
828 2360 923 2395 mul-

142 2408 200 2440 tas
233 2403 453 2440 habuissent
482 2404 753 2449 possessiones,
792 2417 924 2442 omnes

142 2451 194 2486 sic
214 2450 501 2496 reliquissent.»
523 2452 630 2495 Item,
652 2452 741 2487 dicit
763 2453 834 2488 hoc
854 2455 922 2489 Pe-

143 2501 236 2541 trus,
259 2508 335 2532 000
361 2501 507 2533 tantum
528 2508 595 2543 pro
621 2509 674 2541 se,
702 2499 767 2535 sed
795 2503 830 2535 et
856 2511 924 2546 pro

149 2544 338 2587 omnibus,
354 2544 616 2589 interrogans:
638 2546 734 2587 Quid
758 2557 839 2590 erqo
857 2550 926 2582 erit

146 2592 274 2627 nobis?
294 2592 353 2636 Ut,
375 2590 502 2627 audito
523 2592 694 2637 praemio,
723 2604 852 2629 001005
877 2594 927 2629 31-

151 2637 255 2674 liciat
283 2638 331 2674 ad
352 2637 620 2684 perfectionem
652 2644 688 2674 et
708 2640 844 2675 Christi
870 2652 926 2677 se-

154 2685 316 2731 quelam.
340 2685 444 2721 Unde
458 2686 665 2721 Ber-nardus
687 2699 696 2721 :
721 2700 737 2719 «
759 2687 855 2722 Dixit
877 2689 930 2724 Si-

154 2742 243 2768 mon
264 2733 395 2768 Petrus
416 2732 463 2768 ad
476 2734 603 2768 Jesum
624 2744 631 2767 :
653 2736 742 2769 Ecce
760 2745 823 2769 izos
842 2737 928 2770 reli-

154 2781 299 2825 quimus
319 2781 440 2816 omm'a
457 2783 490 2815 et
508 2782 621 2815 secuti
640 2791 763 2816 sumus
778 2785 823 2818 te.
843 2783 929 2819 Haec

970 252 1104 288 nempe
1126 245 1213 277 sunt
1244 241 1374 286 verba,
1409 251 1491 286 quae
1523 242 1560 276 et
1579 242 1750 275 contem-

971 295 1076 335 ptum
1100 288 1227 325 mundi
1259 288 1298 324 in
1322 289 1498 324 universo
1536 286 1690 330 mundo,
1714 289 1750 322 et

972 336 1223 372 voluntariam
1261 346 1485 382 persuasere
1534 333 1750 370 hominibus

971 387 1246 430 paupertatem.
1260 385 1344 419 Haec
1361 387 1448 419 5001
1460 392 1541 428 quae
1555 379 1754 416 monachis

975 431 1138 466 claustra
1157 431 1315 476 replent,
1337 430 1486 466 deserta
1500 427 1752 465 anachoretis.

975 479 1075 521 Haec,
1109 477 1244 523 inquit,
1280 481 1368 513 sunt
1391 478 1505 513 verba
1528 486 1610 521 quae
1645 477 1754 521 AEgy-

974 529 1080 572 ptum
1120 524 1295 570 spoliant,
1335 527 1371 560 et
1410 523 1551 569 optima
1592 532 1756 568 quaeque

975 574 1056 618 ejus
1078 582 1168 607 vasa
1194 571 1388 617 diripiunt.
1421 572 1487 606 Hic
1508 580 1630 606 sermo
1651 569 1757 604 vivus

976 623 1013 656 et
1044 620 1177 655 efficax
1210 623 1431 654 convertens
1466 618 1625 660 animas,
1658 615 1757 652 felici

977 665 1215 702 aemulatione
1254 664 1463 701 sanctitatis
1504 669 1539 700 et
1592 662 1758 699 veritatis

978 712 1226 759 promissione
1248 712 1363 748 fideli.
1386 711 1522 748 Omnia
1542 721 1631 747 sane
1657 710 1758 746 dixe-

978 762 1064 803 rim,
1102 771 1177 795 000
1210 763 1357 795 tantum
1389 758 1664 805 possessiones;
1695 757 1759 793 sed

979 807 1093 844 etiam
1133 806 1372 851 cupiditates,
1408 810 1445 842 et
1484 817 1546 841 eas
1582 804 1757 848 maxime,

979 855 1064 901 plus
1109 855 1211 890 enim
1254 853 1383 890 mundi
1422 852 1758 899 concupiscentia,

981 913 1094 948 quam
1129 901 1339 937 substantia
1368 905 1490 936 nocet.
1526 901 1569 935 Et
1592 901 1673 935 haec
1700 899 1762 934 fu-

981 949 1205 995 giendarum
1232 959 1345 984 causa
1375 948 1590 984 divitiarum
1626 945 1759 993 praeci-

980 1007 1054 1043 pua
1074 1000 1144 1040 est,
1173 996 1274 1041 quod
1296 999 1358 1031 aut
1384 995 1443 1030 vix
1468 999 1532 1031 aut
1554 1003 1762 1039 numquam

980 1043 1058 1079 sine
1080 1054 1207 1079 amore
1229 1043 1379 1078 valeant
1394 1041 1589 1088 possideri.
1612 1041 1764 1078 Limosa

982 1090 1166 1136 siquidem
1183 1093 1219 1126 et
1239 1090 1429 1136 glutinosa
1445 1089 1567 1132 nimis,
1591 1100 1665 1124 11011
1686 1098 1764 1122 010-

983 1138 1029 1173 do
1069 1137 1245 1181 exterior,
1287 1148 1415 1172 verum
1454 1136 1569 1172 etiam
1604 1134 1764 1171 interior

983 1185 1191 1220 substantia
1228 1187 1357 1220 nostra
1382 1184 1548 1227 videtur,
1581 1186 1617 1218 et
1655 1181 1764 1217 facile

984 1242 1048 1267 cor
1072 1233 1278 1267 humanum
1298 1232 1474 1267 omnibus
1495 1231 1765 1276 quaes1·equen·

984 1282 1037 1313 tat
1058 1279 1239 1314 adhaeret.
1256 1280 1332 1323 Age
1349 1278 1528 1323 ergo,qui
1552 1277 1765 1322 relinquere

985 1325 1113 1361 omnia
1133 1325 1314 1370 disponis,
1341 1329 1378 1360 te
1402 1335 1552 1370 quoque
1574 1324 1675 1359 inter
1702 1333 1764 1358 re-

985 1372 1189 1418 linquenda
1220 1383 1420 1408 numerare
1456 1374 1661 1414 memento,
1690 1369 1764 1405 imo

984 1430 1073 1454 vero
1094 1420 1253 1454 maxime
1271 1424 1307 1454 et
1334 1418 1591 1464 principaliter
1620 1418 1768 1463 abnega

985 1465 1238 1511 temetipsum,
1268 1465 1297 1500 si
1321 1465 1508 1501 deliberas
1536 1464 1640 1510 sequi
1666 1473 1764 1508 eum,

987 1513 1050 1558 (1111
1066 1516 1220 1558 propter
1235 1518 1270 1548 te
1289 1512 1494 1547 exinanivit
1507 1511 1765 1557 semetipsum.

990 1562 1088 1595 Pone
1127 1559 1389 1603 gravissimam
1432 1559 1634 1603 sarcinam,
1668 1568 1766 1604 pone

988 1606 1052 1642 illa
1074 1606 1240 1652 quinque
1262 1617 1337 1641 0011
1357 1607 1552 1641 hominum
1573 1606 1684 1652 plane
1705 1606 1764 1650 Ju-

988 1664 1034 1700 ga
1064 1654 1128 1689 sed
1161 1655 1286 1697 1101101,
1321 1664 1405 1698 quae
1446 1653 1513 1688 tibi
1544 1652 1768 1699 insipienter

989 1700 1130 1743 emisti3
1160 1700 1328 1745 alioquin
1368 1699 1473 1746 sequi
1505 1701 1691 1746 Sponsum
1732 1701 1767 1734 01

989 1747 1118 1783 venire
1138 1748 1185 1782 ad
1208 1747 1358 1792 nuptias
1380 1747 1607 1793 spirituales,
1633 1746 1767 1792 quina-

990 1794 1046 1830 ria
1059 1795 1311 1839 hac‘pressus,
1328 1798 1363 1830 et
1382 1805 1583 1840 oppressus
1602 1792 1768 1840 corporis

991 1842 1234 1878 sensualitate
1255 1852 1328 1876 non
1346 1841 1487 1888 poteris
1509 1853 1517 1878 :
1542 1855 1559 1876 »
1587 1842 1668 1877 haec
1688 1843 1769 1876 Ber-

991 1889 1145 1924 nardus.

1038 1940 1059 1979 4
1084 1930 1371 1977 11111100000105
1392 1949 1504 1974 omia
1522 1949 1566 1973 AD
1589 1937 1769 1973 0110151011

993 1995 1203 2023 SEQUENDL'M
1231 1996 1298 2020 CUM
1324 1997 1366 2020 Eo
1400 1996 1628 2021 JUDICABUNT.
1664 2006 1701 2010 —·
1729 1985 1770 2019 Et
1797 1987 1809 1995 ⁵

992 2032 1223 2076 respondens
1262 2032 1444 2068 Dominus
1478 2031 1599 2077 tangit
1634 2030 1767 2076 triplex

991 2079 1204 2124 praemium‚
1222 2079 1321 2123 quod
1342 2083 1624 2125 consequuntur
1647 2078 1771 2126 relin—

993 2128 1148 2170 quentes
1182 2126 1322 2170 omnia,
1357 2130 1393 2163 et
1428 2129 1626 2173 sequentes
1665 2124 1772 2161 Chri-

994 2177 1106 2216 stum,
1129 2175 1166 2207 et
1198 2183 1266 2218 per
1303 2174 1475 2210 camdem
1512 2173 1610 2209 viam
1645 2173 1772 2208 ambu-

994 2219 1113 2254 lantes
1135 2230 1272 2255 secum.
1299 2221 1463 2257 Primum
1484 2226 1552 2265 est,
1575 2220 1661 2265 quia
1688 2229 1772 2255 cum

993 2265 1150 2302 Domino
1168 2266 1405 2312 judicabunt.
1439 2268 1542 2304 Unde
1564 2269 1663 2303 dimit
1680 2267 1740 2301 illi
1761 2278 1770 2300 :

993 2314 1122 2356 Amen,
1139 2312 1175 2348 id
1198 2317 1254 2348 est
1275 2315 1450 2360 tideliter,
1473 2316 1552 2350 dico
1571 2314 1673 2349 vobis
1693 2312 1771 2359 qui·

994 2361 1223 2412 huscumque
1251 2362 1437 2406 fidelibus,
1463 2363 1559 2407 quod
1594 2371 1671 2404 vos,
1693 2362 1772 2406 qui,

995 2407 1158 2442 dimissis
1179 2409 1353 2444 omnibus
1367 2409 1541 2452 terrenis,
1559 2410 1672 2444 secuti
1687 2409 1774 2442 estis

994 2465 1062 2498 me,
1086 2453 1292 2491 imitatione
1324 2456 1486 2500 vivendi,
1517 2458 1557 2491 in
1582 2465 1772 2498 reqenera-

996 2501 1157 2553 ticina—id
1175 2505 1230 2553 est
1251 2502 1457 2548 injudicio,
1474 2507 1643 2549 tempore
1665 2512 1773 2547 rege-

997 2552 1205 2584 nerationis
1219 2549 1368 2593 generis
1386 2549 1542 2586 humani
1570 2552 1658 2585 Duae
1673 2548 1774 2585 enim

997 2598 1082 2631 sunt
1103 2596 1409 2640 regenerationes
1441 2609 1448 2632 :
1478 2597 1601 2643 prima
1621 2596 1774 2632 anima-

997 2652 1080 2677 rum
1102 2653 1145 2677 ex
1166 2653 1263 2687 aqua
1285 2648 1320 2678 01
1337 2643 1475 2689 Spiritu
1502 2646 1540 2679 in
1558 2643 1771 2689 Bapt1smo;

999 2689 1164 2740 secunda
1184 2700 1383 2735 corporum
1404 2690 1441 2726 10
1463 2691 1629 2736 generali
1655 2701 1774 2726 resur-

998 2740 1178 2780 rectione,
1201 2747 1283 2781 quze
1305 2737 1455 2782 quidem
1476 2737 1702 2774 resurrectio
1721 2737 1774 2773 di-

999 2783 1095 2819 citur
1119 2784 1355 2829 regeneratio
1384 2785 1441 2821 vel
1469 2786 1634 2822 secunda
1652 2795 1771 2830 gene-
