1907 3139
136 164 198 201 ‘254
620 166 829 202 SECUNDAE
865 169 1022 204 PARTIS
1060 168 1193 203 CAPUT
1230 164 1289 202 XL

137 246 264 282 regem
276 234 448 281 erIgitur,
469 235 629 272 clericus
644 239 777 272 contra
793 247 918 272 sacer-

139 284 279 328 dotem,
301 282 477 319 monachi
502 287 635 319 contra
653 284 851 327 Abbatem,
872 283 918 318 fi-

140 330 180 366 lii
214 334 346 366 contra
385 334 576 376 parentes,
612 332 770 376 juvenes
791 334 920 366 contra

139 378 322 419 seniores,
365 377 619 423 superbiendo
653 377 802 412 diversa
831 388 919 412 sen-

142 424 251 461 tiunt.
292 424 433 460 Malum
462 436 551 469 ergo
590 424 791 470 superbiae,
820 424 920 469 quod

141 482 344 518 supernam
384 472 613 517 Angelorum
658 471 802 506 cui-iam
838 482 919 506 cor-

140 519 350 565 cumpendo
372 518 623 560 destruxerat,
646 528 813 564 praesens
836 528 920 563 quo-

142 577 213 612 que
241 565 406 602 seculum
428 565 640 600 inordinate
670 565 920 610 pervertendo

140 614 321 649 destruet.
350 612 455 648 Unde
474 615 604 647 Petrus
622 614 828 647 Damianus
847 612 920 647 cui-

142 660 227 696 dam
257 660 302 695 de
330 660 417 704 fuga
448 658 579 694 mundi
602 658 917 704 congratulando,

142 706 195 742 sic
215 706 343 742 scribit
369 717 376 741 :
403 720 420 738 «
437 707 589 751 Magnas
610 707 686 741 Deo
699 706 839 751 gratias
855 706 918 741 de-

142 754 220 796 bes,
244 752 305 799 qui
334 756 370 788 te
394 753 464 788 hoc
494 757 664 798 tempore
697 754 742 788 de
779 753 918 788 mundo

144 800 270 846 elegit,
289 800 387 846 quod
408 799 445 835 in
467 811 509 835 eo
531 799 682 835 difficile
702 800 783 845 quiS
803 800 920 835 ssilva-

144 851 216 884 tur.
245 849 327 883 Jam
361 848 487 882 sterile
513 850 679 882 aratrum
706 858 774 892 per
817 846 919 883 littus

141 894 287 930 ducitur
328 905 542 930 arenosum.
572 895 653 929 Jam
701 894 791 929 illud
829 904 918 939 pro-

142 941 332 987 pheticum
355 941 503 976 videtur
521 941 713 986 impletum
738 954 747 975 :
771 943 850 978 Non
870 945 920 976 est

143 990 294 1031 veritas,
315 999 385 1022 non
418 992 468 1022 esc
490 989 756 1029 misericordia,
779 999 849 1023 non
870 992 921 1023 est

143 1037 297 1069 scientia
323 1037 387 1069 Dei
423 1037 461 1068 in
499 1039 608 1069 terra.
632 1035 869 1069 Maledictum
888 1039 921 1070 et

144 1082 386 1125 mendacium,
402 1084 434 1116 et
449 1082 698 1124 homicidium,
711 1086 743 1116 et
763 1085 920 1126 furtum,

147 1132 178 1163 et
199 1129 422 1163 adulterium
444 1129 729 1163 triurnluverzmc.
746 1130 789 1163 Et
802 1128 892 1163 illud
911 1140 919 1164 ε

149 1176 259 1211 Omne
291 1179 401 1220 caput
432 1176 660 1219 langsuz'dum,
691 1179 723 1210 et
744 1186 844 1210 omne
864 1187 923 1210 cor

150 1233 322 1266 wioere7133
345 1234 366 1256 α
382 1223 513 1267 planta
531 1223 635 1267 pedis
652 1233 764 1267 usque
782 1222 829 1256 ud
849 1234 924 1257 rer·
954 1237 957 1243 ¹

151 1272 269 1313 tieem,
290 1281 359 1304 non
379 1273 429 1304 est
449 1271 487 1304 in
514 1281 550 1304 eo
577 1271 731 1305 sanitas.
753 1270 833 1305 Non
867 1272 923 1305 est

147 1317 257 1362 liujus
282 1316 475 1362 temporis,
501 1320 539 1351 ut
578 1316 638 1361 qui
680 1315 852 1362 puritatis
888 1320 924 1351 et

146 1363 372 1398 innocentia}
399 1363 586 1398 tramitem
618 1367 744 1398 tencre
777 1363 923 1399 deside-

145 1414 217 1454 rat,
236 1410 410 1445 Ecclesiae
427 1410 596 1455 bajulare
613 1410 779 1455 regimen
800 1410 925 1455 acqui-

148 1463 262 1500 escat,
286 1467 370 1492 cum
396 1457 566 1492 videlicet
590 1468 719 1492 onmes
741 1468 836 1503 pene
859 1468 924 1502 per

147 1503 321 1539 vitiorum
345 1504 506 1549 abrupta
525 1504 750 1549 praecipites,
773 1508 809 1538 et
830 1508 923 1538 tain-

148 1561 258 1596 quam
284 1552 451 1586 furentes
473 1551 572 1595 equi,
600 1560 665 1596 per
686 1552 922 1595 voluptatum

146 1607 300 1633 suarum
340 1608 492 1643 campos
534 1599 706 1633 teruntur
742 1599 920 1633 effrenes.

149 1644 319 1681 Claustra
336 1650 482 1691 vacant,
505 1644 751 1690 EvangeIIum
777 1644 921 1680 claudi-

992 240 1065 282 tur,
1093 239 1129 273 et
1148 247 1215 283 per
1247 246 1314 272 ora
1343 233 1597 272 Ecclesiastici
1621 234 1767 273 ordinis

993 285 1254 329 sorensiaJ'ura
1265 284 1482 318 decurrunt.
1506 282 1617 319 Pauci
1637 284 1770 319 Sacra-

992 341 1075 367 rum
1101 331 1332 366 meditantur
1370 329 1520 375 eloquia
1549 329 1770 375 Scriptura-

992 388 1100 422 rum3
1135 378 1198 413 sed
1229 387 1360 413 omnes
1381 376 1473 412 scita
1503 379 1625 423 legum
1653 380 1689 412 et
1715 377 1769 413 fo-

994 436 1103 461 rense
1124 424 1298 469 litigium.
1323 426 1366 458 Et
1388 434 1520 460 revera
1541 431 1616 459 tam
1638 423 1769 460 imma-

992 472 1050 507 nis
1071 482 1249 518 pressura
1286 470 1470 506 incumbit
1508 471 1698 515 Ecclesiis‚
1731 473 1770 506 ut

992 523 1188 563 tamquam
1209 517 1446 562 Babylonicae
1472 518 1631 565 legionis
1671 517 1771 553 acies

994 566 1229 607 circumt'usa‚
1260 570 1296 599 et
1321 565 1530 601 Jerusalem
1560 575 1644 600 cum
1673 564 1770 600 civi—

993 613 1060 648 bus
1081 612 1158 647 suis
1189 611 1362 646 videatur
1386 611 1550 647 obsessa.
1576 613 1660 648 Jam
1694 622 1770 647 non

994 659 1141 695 oculum
1162 668 1230 704 pro
1249 658 1371 701 oculO,
1386 658 1489 702 juxta
1506 659 1678 694 Veterem
1706 659 1770 694 Le-

994 716 1091 752 gem,
1115 706 1180 741 sed
1199 705 1365 740 referunt
1393 715 1474 740 cum
1496 705 1622 740 fenore
1645 705 1769 740 laesio-

993 763 1078 788 nem
1096 764 1103 795 ;
1122 755 1157 788 et
1178 750 1375 797 disciplina
1394 750 1581 796 vindictae,
1598 762 1680 797 quae
1703 752 1769 788 sub

994 799 1122 846 gentili
1167 799 1309 834 dudum
1339 799 1561 834 servabatur
1594 797 1767 844 imperio,

994 857 1093 882 nunc
1112 845 1310 891 Evangelio
1326 856 1477 891 poenam
1490 845 1771 881 terribiliterin-

993 898 1160 937 tonante,
1174 892 1349 928 nescitur.
1371 893 1457 928 Ideo
1478 904 1545 939 pro
1563 893 1668 938 vlrga
1685 896 1769 928 tau-

993 952 1110 984 ream,
1138 951 1203 986 pro
1226 939 1364 975 scutica
1390 941 1545 983 clavam,
1570 951 1634 985 pro
1658 940 1770 975 verbo

994 988 1149 1031 serrum,
1171 997 1237 1033 pro
1255 990 1359 1022 vecte
1385 987 1565 1023 adhibent
1586 987 1767 1033 gladium.

994 1036 1225 1070 Erubescunt
1277 1045 1376 1069 nunc
1415 1045 1489 1070 non
1528 1035 1771 1069 excedentem

994 1081 1141 1127 injuriae
1160 1080 1292 1124 vit-em,
1312 1080 1564 1126 dedignantur
1585 1080 1678 1116 illati
1697 1080 1771 1115 dis-

995 1128 1161 1163 criminis
1195 1129 1430 1173 aequitatem3
1464 1127 1581 1163 videri
1611 1127 1772 1162 victores

997 1178 1109 1221 atque
1130 1175 1317 1210 terribiles
1347 1176 1532 1219 ambiunt,
1554 1174 1772 1220 triumpha—

996 1222 1040 1257 lis
1073 1222 1202 1267 gloriae
1231 1221 1357 1257 titulos
1400 1221 1679 1267 concupiscunt.
1714 1220 1774 1257 Sic

996 1269 1223 1314 it;i(1ue1111111
1254 1280 1352 1304 unus
1369 1267 1773 1314 parumperirascitun

997 1317 1090 1351 alter
1105 1316 1150 1351 ad
1167 1315 1351 1351 insaniam
1368 1322 1603 1361 provocatur.
1625 1315 1670 1351 Et
1683 1313 1776 1360 quid

996 1363 1098 1398 aliud
1128 1362 1225 1397 inter
1245 1363 1325 1398 haec
1345 1366 1400 1398 tot
1424 1362 1651 1407 flagitiorum
1673 1361 1776 1397 mala

997 1410 1275 1455 perpendimus,
1302 1411 1371 1445 nisi
1392 1410 1491 1455 quod
1526 1414 1684 1445 venturo
1722 1407 1774 1444 ci-

997 1457 1068 1492 tius
1103 1456 1333 1492 Antichristo
1368 1457 1428 1492 via
1460 1457 1538 1501 J'am
1576 1455 1771 1497 sternitur,

996 1514 1188 1549 perquam
1213 1503 1409 1538 inoffensis
1425 1503 1601 1548 nequitiae
1620 1514 1694 1539 suae
1712 1513 1773 1538 ve-

997 1550 1116 1595 stigiis
1128 1550 1344 1597 gradiatur?
1357 1552 1462 1594 Nam,
1478 1551 1571 1585 sicut
1583 1550 1669 1585 dicit
1683 1553 1773 1595 Apo-

997 1598 1112 1632 stolus
1128 1608 1133 1631 :
1149 1599 1361 1640 Mysterz'um
1372 1599 1451 1642 jum
1463 1601 1632 1643 operatur
1640 1597 1775 1643 iniqui-

997 1646 1085 1679 tatis
1105 1657 1114 1680 :
1139 1658 1155 1679 »
1176 1645 1256 1680 haec
1278 1646 1406 1681 Petrus
1417 1646 1630 1681 Damianus.

874 1756 1043 1793 ORATIO

194 1871 350 1911 Domine
373 1876 460 1910 Jesu
482 1873 641 1918 Christe,
668 1872 786 1910 Judex
805 1869 972 1909 omnium
994 1874 1164 1916 venturo,
1183 1871 1230 1908 da
1248 1870 1339 1907 mihi
1362 1870 1614 1906 constantiam
1629 1870 1665 1905 in
1681 1867 1771 1906 fidei

148 1922 319 1966 veritate,
342 1932 389 1957 ne
409 1922 566 1957 seducar
585 1932 607 1956 a
628 1921 813 1956 simulatis
825 1924 861 1956 et
880 1920 983 1955 salsis
1000 1919 1229 1962 hominibus,
1249 1930 1315 1954 nec
1338 1919 1582 1954 succumbam
1604 1917 1642 1952 in
1657 1916 1773 1953 tribu-

149 1969 370 2012 lationibus3
400 1968 465 2004 sed
484 1971 519 2004 in
542 1968 774 2004 confessione
790 1967 844 2003 tui
866 1966 1044 2009 nominis,
1065 1970 1099 2002 et
1120 1966 1326 2001 assertione
1346 1965 1514 2001 veritatis
1537 1964 1682 2000 valeam
1699 1964 1773 1999 for—

146 2016 233 2051 titer
252 2016 468 2062 persistere,
494 2019 529 2051 et
556 2026 622 2061 pro
661 2016 729 2051 hac
762 2014 848 2050 odia
885 2013 1078 2049 hominum
1099 2017 1135 2048 et
1156 2014 1313 2048 adversa
1334 2013 1542 2056 gaudenter
1568 2011 1770 2047 sustinere.

151 2062 287 2099 Tribue
309 2063 399 2098 milii
434 2063 607 2098 virtutem
636 2061 840 2109 patientiae,
859 2064 895 2096 et
914 2064 966 2104 ut,
989 2060 1207 2096 abundante
1228 2059 1440 2104 iniquitate,
1460 2069 1534 2094 non
1557 2057 1773 2103 refrigescat

150 2110 188 2144 in
204 2121 262 2145 me
284 2111 396 2145 ardor
420 2110 612 2153 caritatis3
635 2110 696 2145 sed
719 2120 832 2154 usque
857 2109 895 2143 in
917 2110 1031 2143 tinem
1050 2107 1133 2142 vitre
1156 2106 1350 2152 praesentis
1377 2115 1611 2151 perseverem
1639 2104 1677 2139 in
1700 2104 1772 2139 fide

152 2157 332 2200 veritatis,
357 2160 392 2191 et
410 2157 445 2192 in
468 2168 596 2193 amore
618 2156 1021 2202 lionitatis,quatenus,
1043 2157 1078 2190 te
1100 2154 1315 2197 miserante,
1340 2153 1466 2189 salvus
1485 2152 1588 2197 fiam,
1616 2151 1771 2187 Domine

149 2204 249 2238 Deus
270 2204 400 2239 salutis
417 2215 524 2240 mcae.
546 2207 676 2240 Amen.

820 2391 1003 2439 CAPUT
1023 2391 1100 2437 XL

463 2535 512 2562 DE
549 2535 732 2564 ADVENTU
757 2534 808 2562 ET
838 2531 1132 2562 PERSECUTIONE
1173 2529 1443 2559 ANTICHRISTL

363 2639 529 2675 Matthaei
550 2650 630 2685 cap.
652 2641 775 2685 XXIV,
807 2638 920 2675 Marci
946 2648 1026 2684 cap.
1051 2638 1130 2673 XIII
1156 2639 1191 2672 et
1211 2637 1317 2672 Lucae
1345 2646 1424 2683 cap.
1446 2636 1554 2672 XVII.

199 2769 210 2789 1
237 2754 496 2789 ANTICHRISTUS
520 2762 736 2787 ABOMINATIO
764 2763 916 2788 DlCITUR.

146 2822 191 2830 —
214 2801 303 2837 Post
322 2799 453 2846 praelia
487 2803 613 2837 autem
642 2802 679 2835 et
701 2798 918 2845 seditiones,

992 2753 1029 2787 et
1051 2749 1124 2786 alia
1144 2759 1226 2795 quae
1248 2748 1443 2794 praemissa
1471 2750 1570 2792 sunt,
1596 2728 1764 2793 sequitur

991 2798 1172 2835 adventus
1187 2796 1421 2839 AntictniSti,
1436 2795 1523 2842 quia
1540 2799 1657 2843 utpax
1673 2804 1762 2840 prae-
