1907 3139
164 137 227 174 304
607 143 815 180 SECUNDAE
853 148 1008 183 PARTIS
1055 150 1194 186 CAPUT
1229 152 1344 188 XLIX

164 207 298 252 quaerit
335 208 483 247 lucrum
508 211 745 258 meritorum,
773 215 942 251 redditu-

167 264 230 292 rus
249 257 435 294 cumulum
450 259 708 305 praemiorum.
732 276 749 294 ‹<
767 263 841 297 Hoc
858 273 944 308 pro-

167 300 264 339 fecto
281 305 487 350 negotium,
511 310 551 342 ut
568 307 619 343 ait
638 308 845 353 Greqorzus,
857 313 945 345 tunc

169 359 257 387 vere
284 361 351 387 nos
379 353 540 398 agimus,
569 354 600 390 si
630 354 787 391 vivendo
825 362 861 391 et
887 357 944 392 lo-

170 397 318 443 quendo
351 403 605 445 proximorum
633 401 778 438 animas
821 403 943 439 lucra-

170 455 267 489 mur,
298 445 328 482 si
357 446 529 484 infirmos
572 459 740 494 quosque
783 451 945 487 coelestis

144 503 148 509 ·
171 494 277 538 regni
298 494 436 539 gaudia
458 495 696 540 praedicando
724 495 761 531 in
783 508 944 543 superno

171 549 299 576 amore
313 542 550 587 roboramus,
569 542 598 578 si
613 546 808 588 protervos
829 555 871 580 ac
892 549 947 581 tu-

171 587 293 624 midos
314 590 496 635 gehennae
523 590 705 636 supplicia
728 591 947 628 terribiliter

170 633 378 671 insonando
402 637 601 681 flectimus,
628 637 657 672 si
689 638 776 673 nulli
817 643 947 675 contra

173 682 365 718 veritatem
384 683 589 728 parcimus,
608 684 636 719 si
656 685 828 729 supernis
847 686 948 722 deni-

172 739 242 774 que
256 730 429 765 amicitiis
446 731 576 774 dediti,
592 732 777 768 humanas
791 732 947 769 inimici-

172 777 243 813 tias
260 788 334 813 non
352 777 549 814 timeamus
568 790 576 813 t
598 793 616 811 »
639 780 719 814 haic
739 781 945 824 Greqorzus.

171 826 290 860 Usura
315 824 453 871 quippe
504 828 571 869 est,
601 827 700 871 quod
739 837 782 862 ex
817 832 949 864 mutuo

169 871 267 907 ultra
293 876 432 907 sortem
454 872 645 917 accipitur.
676 875 719 908 Et
757 878 855 910 certe
878 876 948 911 Do-

170 920 294 954 minus
312 919 435 955 dando
452 920 731 966 nobismetipsis
749 922 949 967 pecuniam

171 976 248 1001 suae
275 965 406 1011 gratiae
446 971 482 1001 ct
507 968 701 1006 doctrina}¹
732 969 843 1014 exigit
866 980 948 1004 eam

171 1023 254 1047 cum
283 1013 406 1048 usuris
439 1018 475 1048 et
509 1014 789 1050 excrescentia:
812 1018 947 1061 primo,

168 1063 209 1095 ut
226 1070 309 1095 cum
330 1059 461 1095 tribuit
476 1061 684 1096 doctrinam
706 1062 793 1097 fidei
807 1064 854 1098 ad
869 1074 948 1099 cre-

170 1106 349 1151 dendum,
373 1107 483 1153 exigit
514 1112 553 1143 nt
591 1109 690 1154 quod
717 1110 851 1154 eredis,
885 1121 950 1146 ore

171 1154 406 1198 confiteari53
426 1156 604 1199 secundo,
620 1162 658 1191 ut
673 1157 771 1201 quod
789 1168 854 1193 ore
869 1168 952 1192 con-

175 1201 306 1246 fiteris,
329 1213 442 1249 opere
465 1203 673 1249 compleas,
697 1204 822 1244 tertio,
846 1210 885 1240 ut
909 1215 951 1240 ex

173 1249 311 1285 auditis
332 1251 370 1285 in
397 1251 495 1295 Lege
530 1250 675 1287 Domini
717 1252 949 1297 meditando,

174 1299 209 1331 et
235 1296 408 1343 lcgendo,
432 1302 467 1333 et
495 1299 637 1334 orando
666 1298 778 1335 etiam
801 1299 874 1334 alia
894 1299 947 1334 in-

173 1343 343 1389 telligas;
368 1348 516 1390 quarto,
548 1349 588 1381 ut
612 1347 711 1391 quod
739 1347 951 1392 compleve-

172 1391 236 1435 ris,
259 1392 393 1427 doccre
414 1403 486 1428 non
507 1403 652 1428 cesses:
671 1393 727 1428 liis
744 1394 842 1428 enim
864 1405 950 1439 par-

173 1438 271 1474 tibus
289 1439 468 1476 denarius
490 1440 573 1475 vitre
588 1441 763 1476 l'undatur
784 1445 950 1476 aeternae.

171 1486 276 1521 Unde
297 1485 398 1522 idern
419 1487 614 1531 Gregorius
635 1499 643 1522 :
667 1502 685 1520 «
707 1489 747 1522 In
769 1494 951 1532 quantum

174 1543 238 1568 vos
259 1533 460 1578 profecisse
497 1534 673 1580 pensatis,
700 1534 811 1570 ctiam
857 1535 952 1570 alios

174 1580 322 1616 trahere
364 1581 557 1617 vobiscum
593 1581 751 1627 satagite
774 1593 782 1625 ;
812 1581 851 1617 in
892 1582 953 1617 via

178 1626 241 1662 Dci
265 1628 402 1663 babere
438 1630 559 1664 socios
591 1629 801 1664 desiderate
823 1641 831 1671 3
862 1635 898 1665 et
922 1629 952 1664 si

176 1674 223 1709 ad
243 1676 358 1710 Deum
380 1675 547 1719 tenditis,
577 1680 702 1711 curate
726 1686 771 1711 ne
792 1676 839 1711 ad
866 1686 951 1712 enm

177 1721 247 1756 soli
265 1722 432 1757 veniatis.
451 1722 542 1758 Iline
560 1723 658 1758 enim
673 1725 852 1768 scriptum
875 1726 950 1759 est:

176 1770 246 1811 Qui
271 1771 390 1813 audit,
427 1771 551 1804 dicat:
595 1772 700 1814 Veni,
738 1774 776 1805 ut
813 1770 875 1815 qni
914 1770 953 1805 in

179 1816 290 1851 corde
311 1827 439 1852 xocem
466 1818 616 1861 superni
655 1817 797 1852 amoris
818 1828 953 1853 susce-

176 1863 284 1907 perit,
301 1864 401 1900 foras
421 1863 533 1899 etiam
554 1864 732 1910 proximis
747 1875 876 1900 vocem
896 1876 953 1900 ex-

181 1911 403 1947 hortationis
418 1912 552 1947 rcddat
575 1923 582 1946 :
604 1927 617 1942 υ
637 1912 716 1946 lucc
739 1912 951 1955 Greyorizfs:

228 1973 247 2004 9
268 1959 394 1994 Suavis
413 1970 623 1994 lim-nissuTio
644 1971 747 1994 DATA.
775 1980 820 1984 —-
838 1960 948 1995 Acce-

177 2008 238 2051 pto
259 2010 384 2041 autem
404 2017 526 2050 rcfluo,
559 2009 697 2049 fuctmn
720 2009 771 2041 est
794 2011 834 2042 ut
854 2008 951 2041 redi—

179 2056 232 2087 ret
251 2053 423 2089 dominus
441 2064 633 2088 servorum
654 2053 955 2098 ill‹11‘um,etj1cs-

180 2101 228 2134 sit
262 2110 394 2144 servos,
435 2101 566 2146 quibus
609 2101 711 2135 dedic
746 2103 953 2146 pccwziwn,

181 2149 304 2182 vocari
323 2148 370 2182 ad
395 2158 448 2191 sc,
468 2151 508 2182 ut
528 2149 634 2182 sciret
657 2152 832 2192 quantum
854 2150 956 2192 quis-

181 2204 248 2238 que
268 2197 471 2237 ›zessotintus
499 2198 600 2230 esset.
626 2196 680 2238 Et,
704 2206 788 2230 cum
811 2196 954 2240 primus

181 2241 334 2276 venicus
353 2252 433 2276 cum
456 2252 540 2277 mua
571 2252 639 2277 sua
673 2241 763 2276 :ilius
788 2244 955 2287 quinque

183 2288 383 2333 acquisitas
403 2288 614 2333 obtulisset,
639 2290 908 2333 congratulans
924 2289 955 2325 ei

182 2335 360 2371 Dominus
386 2335 477 2370 dixit
501 2335 618 2380 primo
644 2347 651 2371 :
678 2338 762 2371 ‚liris
801 2341 955 2381 quintosca-

182 2386 250 2417 tcm
275 2384 407 2417 habens
429 2394 536 2428 super
556 2384 673 2418 decem
700 2386 878 2425 cz'vz‘tates;
899 2385 954 2419 al-

184 2431 253 2465 teri
277 2441 389 2465 vcro:
412 2432 457 2465 Et
485 2435 522 2464 tu
553 2435 624 2465 esto
656 2442 763 2475 super
796 2433 955 2475 quinque

183 2479 361 2520 civitates,
399 2476 435 2511 id
458 2480 513 2511 est
546 2478 727 2522 gaudbis
749 2478 887 2513 scilicet
916 2481 954 2512 tu

182 2527 339 2570 uterque
360 2524 405 2559 de
425 2523 600 2560 felicitate
621 2525 787 2559 omnium
806 2524 867 2571 qui
889 2535 956 2570 per

182 2574 284 2607 tuam
303 2570 511 2606 doctrinam
533 2572 589 2606 vel
618 2572 700 2607 vitm
730 2575 803 2607 tnae
828 2583 954 2606 cxcm-

184 2620 286 2665 plum
312 2618 482 2654 conversi
508 2624 595 2654 sunt
618 2621 662 2653 ad
687 2620 841 2654 bonum.
869 2620 955 2655 Ser-

183 2666 238 2702 vis
259 2670 382 2702 autem
404 2665 512 2701 bonis
532 2676 639 2701 mnas
661 2677 743 2701 cum
772 2667 874 2701 lucro
895 2676 954 2701 re-

182 2713 431 2759 portantibus
487 2713 594 2760 piger
642 2723 771 2748 servus
826 2723 955 2749 mnam

182 2772 286 2796 suam
315 2760 395 2798 sine
415 2761 517 2797 lucro
539 2759 688 2806 obtulit,
706 2770 820 2807 quam
838 2760 877 2796 in
897 2771 956 2796 su-

1021 217 1125 255 dario
1162 220 1316 265 ligatam
1341 221 1486 267 habuit,
1506 222 1594 269 quia
1631 223 1796 261 molliter

1021 267 1058 300 et
1092 266 1248 303 delicate
1270 268 1426 304 vivendo
1454 269 1664 307 doctrinam
1696 282 1795 308 com-

1022 312 1173 350 missam
1199 326 1273 351 non
1300 317 1545 362 enumeravit,
1567 329 1609 354 ac
1632 318 1795 364 gratiam

1022 361 1089 396 sibi
1113 361 1252 406 datam,
1286 361 1323 398 in
1346 365 1413 400 bac
1452 376 1566 401 carne
1603 366 1795 402 laboribus

1021 413 1056 443 et
1071 408 1354 453 fatigationibus
1368 411 1544 448 traditam
1562 416 1795 459 torpescens,

1020 458 1057 491 et
1081 462 1255 503 percepta
1274 457 1374 494 dona
1390 459 1457 495 sub
1479 459 1554 496 otio
1571 460 1734 507 torporis
1758 464 1795 497 et

1021 502 1180 548 ignaviae
1225 504 1423 541 abscondit
1450 517 1458 550 ;
1503 510 1539 542 et
1577 509 1630 543 sic
1676 506 1797 554 ipsam

1020 560 1147 585 mnam
1169 550 1249 587 sine
1272 553 1448 595 operibus
1475 556 1668 599 tamquam
1695 566 1795 591 mor-

1019 599 1123 632 tuam
1145 601 1181 633 et
1203 599 1387 644 sepultam
1411 599 1449 635 in
1471 601 1619 637 sudario
1648 602 1794 638 habuit.

1022 644 1235 689 sudarium,
1256 646 1357 682 enim
1383 650 1439 682 est
1463 658 1615 693 pannus
1654 648 1693 684 in
1721 660 1795 695 quo

1020 690 1264 728 involvuntur
1285 704 1444 738 corpora
1471 700 1704 732 mortuorum
1728 707 1737 740 3
1760 698 1797 732 et

1021 737 1104 774 ideo
1125 749 1211 775 mna
1239 739 1276 776 in
1304 741 1453 778 sudario
1475 744 1639 788 reposita
1672 743 1797 789 signat

1021 786 1159 821 donum
1183 787 1248 822 Dei
1270 798 1291 823 a
1306 788 1412 824 bonis
1434 790 1609 836 operibus
1632 791 1796 827 otiosum

1020 836 1212 878 tamquam
1231 839 1433 872 mortuum.
1463 837 1536 872 Illis
1558 848 1646 884 ergo
1663 839 1726 884 qui
1749 838 1795 874 de

1021 881 1129 916 donis
1151 881 1227 917 suis
1244 883 1337 918 bene
1360 884 1550 930 operando
1573 885 1717 921 lucrum
1738 885 1797 921 fe·

1022 932 1166 972 cerunt,
1213 931 1485 967 commendatis
1511 943 1533 967 a
1565 933 1725 968 Domino
1760 934 1798 968 et

1022 978 1286 1020 remuneratis,
1326 977 1474 1024 pigrum
1514 978 1576 1025 qui
1612 979 1651 1015 in
1686 979 1797 1016 bonis

1023 1023 1198 1069 operibus
1216 1026 1399 1070 torpendo
1413 1037 1536 1061 mnam
1552 1037 1658 1062 suam
1677 1027 1715 1062 in
1735 1038 1796 1063 su-

1023 1070 1128 1105 dario
1164 1070 1305 1117 ligavit,
1340 1075 1517 1116 reprobat
1549 1074 1730 1110 Dominus
1760 1077 1798 1110 et

1024 1118 1197 1162 damnat3
1231 1121 1333 1155 vario
1355 1123 1482 1155 tamen
1518 1121 1642 1163 modo„
1665 1132 1798 1157 sccun-

1023 1165 1111 1200 dum
1132 1165 1377 1210 quantitatem
1412 1167 1534 1202 meriti
1569 1168 1624 1203 vel
1657 1168 1797 1213 delicti,

1025 1214 1111 1257 quia
1133 1213 1273 1258 gradus
1306 1218 1392 1250 sunt
1418 1218 1454 1250 et
1471 1214 1511 1250 in
1532 1214 1678 1260 gaudiis
1702 1218 1739 1251 et
1758 1215 1798 1251 in

1024 1260 1236 1295 tormentis.

1078 1322 1117 1342 lo
1148 1308 1403 1348 UanQmsouE
1438 1320 1624 1346 TALENTUM
1643 1321 1799 1356 ACCEPIT,

1025 1366 1128 1391 ccscs
1149 1367 1259 1391 DEBET
1275 1368 1434 1391 nennium
1450 1368 1639 1393 RATioxmi.
1659 1378 1688 1382 -
1712 1359 1800 1403 Iste,

1026 1404 1127 1437 homo
1145 1414 1292 1448 percffl'c
1313 1406 1512 1449 profectus,
1538 1404 1678 1440 scilicet
1698 1404 1802 1440 Chri-

1025 1453 1103 1485 stus
1122 1451 1167 1485 ad
1185 1451 1333 1486 Patrem
1355 1452 1572 1494 ascendens,
1595 1452 1802 1488 secundum

1026 1499 1206 1537 Marcum,
1219 1498 1372 1543 reliquit
1384 1498 1643 1544 corporaliter,
1657 1499 1801 1536 domum

1025 1556 1142 1587 suam,
1165 1544 1202 1579 id
1223 1548 1279 1580 est
1301 1545 1518 1589 Ecclesiam,
1544 1556 1654 1591 quam
1673 1550 1800 1582 tamen

1026 1602 1232 1636 numquam
1266 1591 1404 1627 divina}
1428 1596 1603 1637 potentiae
1625 1592 1799 1637 praesidio

1027 1638 1206 1683 destituit,
1232 1643 1265 1675 ct
1302 1640 1403 1674 dedit
1442 1642 1554 1675 servis
1585 1644 1801 1686 potestatem

1027 1687 1201 1731 cujusque
1221 1689 1351 1732 operis,
1387 1686 1474 1731 quia
1514 1687 1606 1723 dans
1626 1687 1800 1724 fidelibus

1027 1738 1110 1769 octo
1130 1734 1283 1777 talenta,
1318 1734 1526 1769 secundum
1569 1735 1799 1780 Matthaeum,

1028 1784 1064 1816 et
1100 1780 1230 1816 decem
1262 1792 1384 1824 mnas,
1418 1781 1622 1817 secundum
1647 1783 1799 1826 Lucam,

1028 1827 1156 1863 tribuit
1179 1827 1232 1863 eis
1257 1830 1469 1864 facultatem
1492 1827 1688 1864 insistendi
1709 1840 1799 1876 ope-

1028 1875 1129 1911 ribus
1148 1875 1270 1919 bonis,
1303 1875 1494 1911 dimittens
1522 1887 1585 1911 eos
1609 1886 1720 1921 agere
1741 1886 1799 1912 se-

1030 1922 1193 1957 cundnm
1216 1922 1428 1958 libertatem
1466 1934 1541 1958 suae
1564 1923 1764 1959 voluntatis
1789 1934 1799 1968 ;

1029 1973 1061 2005 ct
1076 1970 1247 2013 janitori,
1267 1969 1329 2016 qui
1350 1969 1450 2005 ducit
1470 1969 1506 2005 in
1530 1970 1682 2006 domum
1701 1969 1798 2014 coeli,

1027 2020 1196 2062 prmccptt
1231 2022 1271 2053 ut
1302 2019 1444 2061 vzffilet,
1483 2017 1516 2052 ei
1558 2016 1710 2062 scilicet,
1737 2017 1800 2063 qui

1028 2064 1220 2110 praedicat,
1242 2067 1276 2099 ct
1313 2067 1463 2110 przeest,
1488 2063 1547 2099 cui
1570 2063 1706 2100 dicitnr
1728 2076 1735 2100 ε
1759 2066 1801 2102 Si

1028 2123 1098 2146 non
1133 2113 1423 2154 cuvrzztnttaceris,
1459 2111 1585 2156 iniquo
1626 2111 1800 2157 iniquita-

1029 2162 1103 2194 tem
1125 2169 1243 2203 suam,
1263 2160 1478 2205 sanquinem
1512 2159 1590 2203 ejus
1627 2160 1670 2193 de
1689 2170 1799 2194 manu

1029 2210 1091 2241 tua
1118 2208 1316 2252 requiram.
1341 2206 1442 2241 Undt¹
1459 2207 1556 2241 Beda
1577 2218 1584 2241 :
1603 2218 1620 2238 «
1640 2205 1800 2241 Janitori

1029 2257 1152 2289 autem
1174 2253 1352 2300 praecepit
1373 2256 1414 2287 ut
1435 2253 1619 2295 vigilaret,
1645 2253 1800 2298 quiaor-

1027 2300 1104 2335 dmi
1135 2305 1323 2345 pastorum
1355 2301 1561 2335 commissae
1582 2299 1651 2335 sibi
1674 2301 1797 2336 Eccle-

1029 2349 1092 2383 siae
1119 2348 1226 2393 jubet
1263 2358 1389 2383 curam
1426 2347 1644 2394 impendere
1668 2358 1675 2389 ;
1721 2358 1797 2383 non

1029 2395 1148 2431 solum
1170 2398 1293 2430 antem
1329 2396 1492 2430 rectores
1529 2393 1713 2436 Ecclesiae,
1732 2394 1798 2430 sed

1029 2453 1157 2478 omncs
1196 2442 1348 2488 vigilare
1376 2441 1626 2488 praecipimur,
1661 2443 1796 2487 januas

1029 2489 1195 2525 cui-ilium
1219 2488 1484 2533 custodientes,
1506 2499 1550 2524 ne
1567 2488 1712 2534 antiqui
1730 2489 1795 2524 ho-

1029 2537 1093 2572 stis
1116 2536 1214 2571 mala
1250 2535 1436 2582 suggestio
1459 2537 1586 2579 intret,
1624 2546 1693 2571 nec
1726 2545 1796 2572 nos

1029 2583 1206 2619 Dominus
1222 2583 1450 2619 dormientes
1467 2583 1631 2619 inveniat
1649 2594 1657 2618 :
1677 2596 1696 2615 n
1713 2583 1794 2618 haee

1026 2632 1136 2667 Beda.
1168 2630 1313 2667 Janitor
1348 2633 1460 2666 etiam
1481 2634 1536 2666 est
1567 2629 1676 2674 ratio,
1711 2640 1793 2676 quae

1029 2679 1137 2714 debet
1162 2688 1243 2714 esse
1270 2677 1357 2723 vigil
1394 2678 1441 2713 ad
1478 2677 1726 2714 claudendum
1756 2687 1793 2713 o-

1028 2725 1138 2761 stium
1169 2735 1371 2761 consensus
1394 2725 1558 2769 diabolo,
1580 2728 1618 2761 et
1642 2724 1690 2760 ad
1709 2734 1793 2770 ape-

1027 2772 1199 2810 riendum
1218 2771 1377 2819 Christo,
1395 2773 1457 2818 qui
1478 2772 1525 2809 ad
1548 2771 1684 2809 ostium
1709 2770 1792 2818 pul-
