1907 3139
121 204 180 237 306
552 201 758 235 SECUNDAE

122 271 223 315 tifex,
242 272 280 307 et
304 269 425 312 miles,
448 272 484 305 et
511 268 689 315 agricola,
717 270 754 303 et
774 276 890 312 nego-

119 318 233 353 tiator
260 317 309 353 ad
330 318 366 353 id
392 316 492 363 quod
518 314 765 352 communiter
785 323 892 359 expe-

116 364 182 400 diti
206 367 304 409 sunt,
320 367 358 401 et
374 364 423 400 ad
438 363 538 409 quod
552 362 720 410 proximo
735 361 890 413 prodest

113 412 318 448 conficiunt
334 411 527 455 universi;
561 410 676 446 multo
704 409 823 454 magis
853 417 891 442 in

113 458 372 504 spiritualibus
394 459 466 494 hoc
493 460 639 503 oportet
665 455 891 507 facerenboc·

116 505 217 543 enim
236 505 397 542 maxime
419 508 477 541 est
495 506 632 539 vivere.
656 502 723 546 Qui
746 503 893 547 sibiipsi

116 553 205 588 vivit
228 554 364 597 solum,
401 554 438 587 et
476 561 608 587 omnes
634 548 805 595 despicit,
827 559 893 584 su-

117 601 286 647 perfluus
306 602 375 644 est,
401 602 437 634 et
468 608 592 643 neque
611 597 739 640 homo,
769 605 892 641 neque

119 646 268 694 generis
288 645 409 683 nostri
432 657 440 681 :
464 658 481 679 »
504 646 585 680 haec
604 645 889 688 Chrysostomus.

170 709 205 731 11
257 695 398 737 QmNAM
433 703 540 728 vinu
572 701 789 729 1113L1c1osA1i1
825 701 891 725 AM-

118 753 238 777 rnncri
277 741 447 776 DEBENT‘?
467 760 513 766 -—
532 740 582 774 Ex
622 737 811 783 praedictis
843 737 894 771 vi-

118 789 241 833 detur,
265 789 363 835 quod
382 786 518 831 aliquis
538 785 660 822 fidelis
681 785 718 821 in
737 785 892 820 caritate

117 846 289 880 manens,
324 834 386 881 qui
420 835 564 879 absque
610 843 676 869 suo
698 831 892 867 ‘scandalo

119 882 223 918 utilis
252 885 321 926 est,
349 881 406 917 vel
445 891 527 916 esse
564 882 688 926 potest
713 878 893 925 proximis

118 929 242 974 quoad
257 931 371 965 vitam
388 931 582 971 aeternam,
604 932 734 973 peccat
752 929 892 961 morta-

116 977 214 1019 liter,
241 976 271 1012 si
305 987 344 1012 se
366 976 545 1011 transfert
564 975 611 1010 ad
633 984 814 1016 eremum,
836 972 893 1008 vel

119 1025 408 1066 monasterium,
431 1020 495 1057 ubi
527 1021 620 1058 alios
640 1032 716 1057 non
744 1019 896 1055 instruit

116 1071 230 1106 verbo
255 1070 313 1106 vel
334 1069 517 1114 exemplo,
540 1079 609 1104 nec
627 1078 754 1104 curam
782 1077 895 1113 quam

115 1120 243 1164 posset
263 1120 299 1153 et
318 1117 428 1152 debet
445 1115 543 1152 circa
565 1114 769 1161 proximos,
785 1113 893 1159 gerit,

118 1164 208 1211 quia
237 1164 290 1200 ita
311 1163 509 1199 abscondit
529 1163 727 1206 talentum,
763 1164 799 1197 et
839 1163 896 1196 est

117 1222 247 1248 servus
272 1210 407 1257 piger3
436 1211 482 1246 de
509 1209 670 1245 infirmis
698 1208 798 1245 enim
819 1218 895 1243 non

117 1258 320 1304 loquimur,
343 1258 405 1303 qui
436 1258 480 1293 de
507 1256 606 1293 facili
643 1255 896 1293 scandalizan-

116 1309 192 1348 tur,
216 1305 305 1351 quia
327 1305 383 1341 eis
404 1307 460 1341 est
485 1308 609 1341 tutum
630 1304 760 1349 sugere
798 1313 895 1338 con-

118 1352 277 1389 sortium
297 1362 498 1399 pravorum
513 1355 548 1388 et
567 1352 722 1397 laqueos
741 1349 893 1386 diaboli.

120 1400 192 1437 Sed
211 1411 232 1436 e
252 1405 381 1436 contra
407 1398 568 1443 videtur,
597 1398 687 1443 quia
716 1397 897 1443 proevalet

118 1447 249 1484 activae
264 1445 555 1492 contemplativa
568 1458 577 1490 ;
598 1444 780 1481 Dominus
790 1443 895 1480 enim

119 1494 210 1530 dicit
226 1495 381 1530 Marthae
398 1505 406 1529 :
426 1495 548 1529 Maria
566 1494 740 1539 optimam
754 1496 895 1537 partem

118 1543 238 1586 θῑθῃίιῒ,
267 1552 346 1587 quae
380 1551 451 1576 non
487 1541 675 1583 auferetur
709 1540 754 1574 ab
774 1549 834 1582 ea;
859 1540 896 1574 et

118 1587 408 1634 Hieronymusin
426 1586 594 1633 pluribus
612 1586 703 1622 locis
722 1585 895 1631 epistola-

118 1646 204 1672 rum
219 1645 374 1671 suarum
392 1645 512 1680 usque
529 1634 623 1670 adeo
639 1633 790 1679 praefert
805 1631 894 1668 acti-

117 1694 172 1719 vae
199 1681 543 1727 contemplativam,
569 1684 609 1717 ut
627 1680 728 1716 viros
745 1678 894 1724 religio-

117 1741 192 1774 sos,
206 1733 243 1766 et
260 1729 386 1765 multis
399 1729 507 1765 utiles
524 1730 631 1764 vocet
646 1727 693 1763 ad
708 1737 891 1770 eremum,

117 1777 224 1823 quasi
245 1776 337 1812 nihil
366 1775 455 1812 boni
478 1775 516 1811 in
551 1775 692 1811 mundo
719 1777 890 1819 agerent,

116 1825 245 1860 habito
273 1826 445 1869 respectu
465 1822 513 1858 ad
544 1822 659 1858 vitam
686 1821 891 1857 monacho-

117 1882 202 1911 rum
222 1874 259 1908 et
277 1871 605 1908 anachoretarum.
642 1871 684 1905 In
709 1868 768 1904 his
800 1878 890 1914 ergo

832 198 989 232 rAttTls
1028 198 1164 231 CAPUT
1202 198 1230 231 X
1243 198 1313 231 tlx

964 264 1112 302 videtur
1130 265 1401 312 necessarium,
1417 268 1458 302 ut
1475 265 1634 311 quisque
1648 263 1746 301 vires

964 323 1049 348 suas
1069 313 1294 357 consideret,
1310 316 1347 349 et
1367 314 1414 349 ad
1434 312 1532 359 quod
1551 323 1647 358 opus
1664 311 1745 358 ipse

964 359 1012 395 sit
1032 360 1154 407 aptior
1173 363 1328 406 penset:
1349 359 1493 397 sienim
1513 359 1560 396 ad
1582 362 1747 395 contem·

963 406 1143 453 plativam
1164 407 1341 452 habilior,
1360 410 1397 443 et
1416 408 1463 444 ad
1487 407 1672 443 orandum
1685 407 1747 442 de-

964 454 1099 498 votior,
1124 457 1203 491 tute
1225 465 1264 491 se
1284 454 1487 491 transferat
1508 455 1556 491 ad
1575 464 1745 495 erenum,

965 506 1138 538 oraturus
1162 512 1229 547 pro
1255 512 1295 538 se
1316 504 1356 537 et
1389 501 1486 545 aliis,
1520 504 1555 538 et
1576 501 1627 537 ita
1665 501 1748 547 plus

963 548 1131 595 proderit
1141 549 1195 584 eis
1207 548 1245 584 in
1259 559 1390 584 eremo
1402 559 1471 595 pro
1482 548 1573 595 ipsis
1586 549 1747 593 orando,

965 606 1079 642 quam
1099 595 1138 630 in
1159 596 1301 631 mundo
1328 595 1382 631 eis
1404 596 1661 642 praedicando,
1679 606 1748 631 nec

965 642 1162 679 abscondit
1195 641 1397 688 pecuniam
1433 642 1581 679 Domini
1618 642 1676 679 sui
1708 642 1747 679 in

964 693 1079 734 terra,
1102 688 1223 725 sedin
1246 689 1421 730 Domino.
1450 689 1537 726 licet
1556 700 1632 725 non
1653 700 1747 735 prae-

965 737 1077 781 dicet,
1107 736 1194 782 quia
1216 736 1361 772 talenta
1381 736 1564 773 orationis
1584 739 1618 773 et
1634 737 1747 773 devo-

965 784 1093 828 tionis,
1116 783 1154 819 in
1183 794 1256 829 quo
1278 783 1445 830 amplius
1465 784 1577 827 valet,
1604 786 1641 820 et
1661 794 1748 820 me·-

966 831 1100 867 liorom
1116 842 1154 866 se
1173 830 1302 875 sentit,
1323 832 1498 867 omnibus
1517 835 1662 876 erogat,
1677 842 1746 867 nec

965 878 1072 925 piger
1093 877 1165 914 dici
1192 878 1303 914 (lebet
1329 877 1390 924 qui
1421 881 1520 915 t‹›tus
1552 878 1590 914 in
1618 881 1748 915 sancta

968 925 1163 962 devotione
1179 928 1215 961 ct
1231 924 1416 970 oratione,
1429 926 1587 971 J'ejunio,
1605 925 1745 971 vigilia,

967 975 1002 1008 et
1020 973 1108 1008 fletu
1124 975 1192 1016 est;
1212 976 1486 1014 verumtamen,
1503 971 1534 1008 si
1550 972 1631 1018 quis
1647 972 1747 1008 vide-

966 1024 1024 1055 ret
1050 1019 1175 1064 gregis
1212 1019 1282 1056 sibi
1306 1019 1496 1056 commissi
1533 1017 1744 1066 periculum

967 1067 1178 1110 imminere,
1200 1072 1237 1103 et
1260 1067 1404 1103 nullum
1426 1067 1603 1103 idoneum
1624 1066 1663 1102 in
1684 1077 1746 1103 cu-

966 1125 1048 1150 ram
1067 1114 1192 1159 gregis
1212 1113 1283 1150 sibi
1307 1125 1582 1158 successurum,
1605 1113 1747 1159 pericu-

966 1162 1043 1197 lum
1053 1165 1152 1197 esset
1171 1171 1325 1206 gregem
1345 1162 1536 1205 deserere,
1555 1161 1652 1197 etad
1667 1172 1745 1198 ere-

967 1219 1070 1244 mum
1104 1219 1142 1243 se
1162 1208 1384 1252 transferre,
1408 1209 1495 1244 licet
1515 1207 1679 1244 habilior
1699 1208 1747 1244 ad

968 1256 1152 1291 orandum
1173 1254 1233 1298 sit,
1259 1255 1466 1292 dummodo
1492 1255 1538 1291 de
1559 1266 1626 1291 suo
1642 1266 1748 1292 scan-

967 1302 1052 1338 dalo
1087 1313 1161 1338 non
1184 1307 1414 1348 praesumat:
1453 1303 1631 1348 praelatus
1657 1302 1747 1348 qui-

968 1350 1052 1386 dem
1071 1350 1132 1395 qui
1150 1350 1308 1386 idoneus
1322 1353 1379 1386 est
1389 1350 1434 1386 ad
1448 1349 1744 1396 praedicandum,

967 1401 1003 1432 et
1023 1397 1149 1442 plures
1175 1396 1362 1433 instruere
1384 1400 1521 1443 potest,
1540 1407 1583 1433 ac
1609 1396 1679 1433 sibi
1710 1400 1748 1433 et

967 1443 1050 1480 aliis
1070 1443 1108 1479 in
1128 1443 1193 1480 tali
1216 1444 1339 1480 officio
1360 1444 1462 1480 utilis
1478 1449 1547 1488 est,
1569 1443 1654 1480 talis
1675 1444 1747 1480 fra-

966 1494 1112 1526 ternam
1131 1490 1328 1528 caritatem
1346 1502 1421 1527 non
1443 1492 1619 1528 observat
1634 1491 1663 1526 si
1688 1502 1751 1536 po-

965 1538 1096 1584 pulum
1133 1537 1203 1574 sibi
1231 1538 1474 1574 commissum
1500 1538 1745 1584 relinqueret,

966 1588 1051 1620 etse
1069 1585 1115 1620 ad
1134 1595 1304 1621 eremum
1320 1586 1558 1629 transferret,
1577 1595 1659 1623 cum
1677 1585 1747 1622 uti-

966 1631 1037 1668 lior
1061 1632 1098 1667 in
1125 1642 1216 1677 agro
1246 1631 1540 1678 praedicationis,
1564 1643 1677 1677 quam
1706 1633 1746 1669 in

966 1689 1092 1715 eremo
1112 1690 1194 1715 esse
1213 1678 1354 1725 possit:
1373 1680 1410 1715 in
1428 1679 1486 1715 his
1510 1690 1598 1715 vero
1617 1690 1748 1725 quem-

966 1736 1038 1771 que
1066 1725 1104 1762 in
1133 1725 1288 1762 caritate
1326 1729 1544 1762 manentem
1585 1726 1746 1771 Spiritus

966 1774 1125 1809 Sanctus
1152 1774 1251 1809 intus
1266 1773 1429 1817 docebit,
1446 1774 1536 1819 quid
1557 1772 1590 1809 ei
1613 1773 1762 1811 melius*

964 1820 1178 1856 faciendum
1199 1819 1259 1865 sit,
1286 1823 1323 1857 et
1355 1819 1507 1857 solliciti
1541 1820 1643 1856 circa
1665 1821 1746 1858 haec

965 1866 1200 1914 inquisitoris
1228 1867 1428 1914 quaestioni
1451 1866 1673 1905 satisfaciet.

865 1992 1038 2030 ORATIO

170 2118 325 2157 Domine
345 2120 431 2157 Jesu
458 2117 617 2161 Christe,
637 2115 701 2169 qui
734 2115 841 2152 nobis
865 2120 929 2154 tua
970 2119 1070 2155 dona
1102 2119 1401 2156 misericorditer
1434 2119 1638 2163 tradidisti,
1662 2130 1742 2156 mo-

120 2178 213 2203 nens
234 2170 273 2203 ut
293 2166 489 2212 vigilantes
510 2168 544 2200 et
563 2164 721 2216 sollicite
749 2166 903 2208 agentes
927 2177 969 2202 ex
991 2166 1044 2202 eis
1064 2167 1230 2203 fructum
1253 2168 1470 2211 afferamus,
1492 2167 1540 2203 da
1571 2166 1661 2202 mibi
1687 2167 1741 2202 in-

120 2215 232 2260 digno
251 2225 357 2250 servo
377 2216 439 2250 tuo
459 2212 505 2248 dc
527 2212 636 2264 donis
651 2221 678 2263 'a
696 2214 733 2246 to
760 2211 919 2257 receptis
939 2213 1140 2259 vigilanter
1161 2214 1346 2260 negotiari
1384 2217 1421 2250 et
1441 2224 1485 2250 ea
1513 2224 1580 2259 per
1600 2214 1742 2250 fructus

121 2262 306 2298 bonorum
327 2269 482 2306 operum
500 2258 770 2311 multiplicare,
789 2257 917 2305 eisque
932 2261 979 2296 ad
998 2260 1049 2297 tui
1066 2261 1242 2307 gloriam,
1264 2261 1422 2308 proximi
1439 2260 1742 2303 aedificationem,

121 2312 158 2346 et
186 2307 257 2345 mei
279 2307 543 2352 perfectionem
566 2306 739 2358 sictbene
766 2306 834 2349 uti,
856 2308 895 2341 ut
915 2318 999 2344 cum
1020 2308 1138 2344 servis
1162 2309 1238 2345 tuis
1257 2308 1366 2346 honis
1389 2313 1427 2344 et
1452 2307 1628 2344 fidelibus
1663 2318 1742 2343 me-

119 2366 204 2393 rear
226 2352 475 2397 remunerari,
497 2362 553 2393 ac,
576 2354 611 2387 te
625 2353 794 2397 Jubente,
815 2354 957 2390 intrare
976 2355 1154 2401 gaudium
1176 2355 1364 2394 felicitatis
1383 2358 1546 2400 aeternae,
1569 2357 1605 2391 et
1626 2354 1744 2402 suspi-

118 2413 202 2440 cere
222 2412 304 2448 quae
329 2399 549 2449 praeparasti
568 2399 811 2446 diligentibus
830 2403 880 2445 te,
910 2402 1008 2439 bone
1023 2404 1128 2440 Jesu.
1159 2403 1295 2440 Amen.

760 2579 870 2587 ram-„w
875 2582 1123 2590 M-v-——u
