1907 3139
146 153 204 193 242
544 146 759 205 >SECUNDAE
796 144 954 184 PARTIS

144 224 295 273 pietatis
316 223 363 260 ad
388 233 452 259 eos
471 221 703 261 habentium,
725 221 824 256 bona
851 229 914 254 ea-

145 284 229 309 rum
249 271 318 308 sibi
333 271 578 313 attrahentes,
595 271 632 304 et
652 269 915 303 consumentes

146 322 214 356 sub
235 318 472 355 simulatione
494 319 530 352 et
547 316 642 351 salsa
672 313 794 360 specie
831 323 916 348 san-

144 366 294 403 ctitatis.
317 367 393 402 Sua
413 364 512 401 enim
537 361 802 408 superstitione
824 359 917 395 nihil

144 413 405 457 intendebant,
424 411 492 447 nisi
522 413 562 445 ut
581 409 748 455 praedam
774 408 817 442 de
837 407 920 442 sub-

140 461 241 507 jecta
275 460 387 506 plebe
437 459 616 499 facerent,
645 458 680 491 et
721 453 838 499 magis
875 453 921 489 de

147 507 280 551 viduis,
305 517 388 552 quae
408 503 552 540 facilius
569 500 824 547 decipiuntur,
846 510 922 535 non

143 555 324 590 habentes
346 554 482 590 virum.
512 550 573 596 qui
599 548 782 589 consulat,
803 549 839 582 et
860 548 923 582 ba-

143 601 276 637 bentes
301 598 413 636 dandi
446 598 673 639 libertatem,
709 594 809 640 quod
831 594 922 640 ipsis

144 648 316 684 voluntas
336 644 515 691 suggerit.
538 645 580 679 Et
605 654 647 678 ex
678 642 763 685 hoc,
785 641 923 676 factum

144 705 273 731 eorum
292 695 528 739 aggravatur,
542 689 719 736 quoniam
736 699 810 724 non
828 699 848 723 a
869 686 923 722 ‹li-

145 742 295 785 vitibus,
332 740 397 775 sed
419 749 441 774 a
468 738 589 773 viduis
607 742 777 771 ventrem
798 735 925 781 imple-

143 789 236 824 bant
249 800 257 831 ;
272 791 309 823 et
325 787 471 822 illarum
486 783 653 829 inopiam
666 783 922 826 attrahebant,

145 845 257 881 quam
274 833 477 870 emendare
499 831 708 873 oportebat.
729 829 796 865 Ubi
812 831 924 873 Chrs-

144 885 322 917 sostomus
340 893 350 916 :
373 881 501 916 «Dum
515 877 691 915 ¹Iudaicos
713 876 926 912 sacerdotes

145 928 351 971 contundit,
369 925 600 963 Christianos
617 924 829 959 sacerdotes
852 933 927 958 mo-

147 980 209 1010 net
233 986 311 1010 non
332 982 555 1020 permanere
580 981 664 1007 cum
693 970 816 1006 viduis
847 980 926 1005 ain-

144 1021 240 1067 plius
254 1032 365 1066 quam
387 1030 470 1056 cum
489 1018 638 1060 ceteris;
664 1017 754 1062 quia
775 1015 844 1052 etsi
864 1027 925 1052 vo-

146 1071 267 1104 luntas
287 1068 386 1103 mala
412 1077 487 1102 non
514 1069 584 1108 est,
611 1063 771 1110 suspicio
800 1067 927 1099 tamen

147 1124 295 1160 semper
309 1114 404 1149 mala
417 1116 514 1148 est.»
535 1110 675 1146 Deinde
691 1114 726 1145 et
746 1111 854 1156 liujus
869 1121 928 1145 ra-

146 1161 243 1208 pinae
264 1161 396 1196 modus
417 1164 497 1195 erat
511 1157 676 1205 gravior:
697 1160 736 1193 ut
754 1158 852 1192 enim
873 1156 927 1192 di-

150 1209 200 1244 cit
220 1208 320 1244 idem
346 1204 709 1253 Chi2ysost0mus,qiii
727 1204 865 1240 malum
881 1204 930 1239 fa-

150 1255 212 1300 cit,
234 1256 373 1301 dignus
396 1257 452 1289 est
470 1264 600 1299 poena;
624 1252 688 1287 sed
709 1252 771 1296 qui
793 1262 815 1286 a
835 1250 930 1286 reli-

150 1302 260 1349 gione
283 1312 434 1338 causam
451 1299 585 1344 accipit
603 1298 930 1343 inatitiae,gi=aiio-

154 1446 308 1489 propter
328 1450 515 1487 rapinam,
539 1441 603 1474 seit
642 1439 753 1473 etiam
777 1445 931 1484 propter

152 1495 314 1525 vestram
339 1486 629 1529 simulationem,
654 1487 812 1530 <ineptius
835 1487 930 1519 acci-

150 1538 262 1582 pietis
278 1537 474 1580 judicium,
497 1537 533 1568 et
561 1533 742 1577 maiorem
775 1532 930 1567 damna-

156 1583 310 1618 tionem.
328 1581 394 1618 Ubi
407 1583 679 1624 Clirysostomus
699 1594 706 1615 :
731 1593 748 1611 ι(
763 1579 930 1613 Primum

155 1629 307 1676 quidem
325 1640 391 1675 pro
414 1639 456 1664 eo
479 1627 579 1672 quod
600 1627 819 1671 tiginrntuni
842 1636 930 1661 san-

156 1676 295 1713 ctitatis
308 1675 512 1718 assumitis,
530 1673 723 1709 avaritiam
743 1672 844 1707 enim
869 1683 930 1708 ve-

158 1729 276 1759 stram
297 1721 490 1767 religionis
510 1721 633 1755 colore
654 1719 870 1765 depingitis,
895 1722 930 1754 et

160 1772 267 1817 quasi
288 1770 438 1805 diabolo
460 1767 646 1814 praestatis
665 1777 772 1802 arina
794 1766 873 1810 Dei,
893 1770 933 1801 ut

156 1820 323 1853 armetur
346 1816 526 1861 iniquitas
564 1815 651 1849 dum
679 1813 799 1859 pietas
838 1814 934 1849 aesti-

156 1868 293 1900 matur.
317 1877 334 1895 »
362 1863 477 1906 Unde,
500 1864 535 1896 et
559 1867 764 1896 secundum
785 1861 932 1905 Rectam,

156 1922 233 1947 non
252 1914 397 1946 tantum
418 1908 469 1944 ait
492 1919 500 1943 :
523 1908 721 1952 Accipietis
736 1908 932 1951 judicium,

160 1958 225 1994 sed
245 1958 440 2003 adjunxit:
462 1956 634 2000 amplius,
656 1956 696 1989 ut
716 1952 876 1988 insinuet
896 1953 937 1988 il-

159 2006 216 2041 los
237 2005 299 2050 qui
325 2006 447 2047 orant,
472 2005 511 2038 ut
532 2001 729 2036 videantur
749 2002 795 2035 ab
814 2000 935 2035 homi-

160 2051 286 2095 nibus,
308 2049 592 2087 damnationem
610 2048 762 2091 mereri,
786 2048 851 2082 sed
873 2057 937 2082 eos

161 2098 223 2144 qui
241 2100 320 2133 haec
340 2096 532 2144 prolixius,
555 2095 662 2141 quasi
684 2094 936 2139 religiosiores

163 2147 322 2191 agendo,
343 2155 419 2179 non
441 2143 560 2179 solum
583 2142 712 2177 liiiides
744 2142 789 2176 ab
815 2141 936 2176 homi-

161 2193 286 2235 nibus,
307 2192 373 2226 sed
400 2194 436 2226 et
457 2188 633 2235 pecunias
646 2192 833 2233 quierunt,
854 2198 938 2233 pro-

162 2238 286 2274 lixiori
307 2237 547 2273 damnatione
576 2236 803 2280 plectendos.
842 2237 936 2270 lsto-

164 2296 246 2320 rum
266 2296 354 2331 ergo
384 2284 503 2320 oratio
542 2283 584 2317 fit
608 2281 644 2317 in
667 2285 874 2327 peccatum,
897 2284 939 2316 ut

163 2342 239 2366 non
259 2333 379 2367 solum
400 2342 468 2376 pro
501 2329 582 2365 aliis
603 2328 837 2364 intercedere
864 2339 937 2364 non

160 2381 318 2423 possint,
343 2382 407 2413 sed
426 2388 492 2412 nec
515 2376 584 2411 sibi
601 2377 646 2411 ad
667 2376 825 2411 salutem
849 2386 936 2421 pro-

164 2425 291 2469 ficere3
320 2425 393 2459 imo
413 2435 479 2469 pro
503 2423 592 2468 ipsis
612 2422 841 2458 orationibus
857 2433 937 2457 ma-

163 2471 220 2516 gis
246 2472 537 2507 damnabuntur.
568 2469 634 2505 Ubi
657 2469 709 2505 ait
734 2470 895 2504 Isidorus
924 2480 933 2505 ε

171 2533 184 2550 u
217 2518 420 2564 Dupliciter
447 2518 670 2552 damnantur
702 2515 903 2562 linocritae
926 2514 950 2552 :⁷

166 2565 224 2601 vel
266 2576 332 2611 pro
372 2565 516 2599 occulta
542 2563 752 2608 iniquitate,
775 2563 832 2598 vel
869 2573 935 2609 pro

165 2617 294 2658 aperta
315 2610 566 2647 simulatione.
584 2612 633 2644 Ex
654 2613 715 2645 illo
735 2609 833 2645 enim
853 2621 937 2645 con-

162 2660 500 2703 demnantu1‘‚quia
519 2656 632 2701 iniqui
653 2660 763 2701 sunt3
786 2668 828 2692 ex
847 2656 933 2701 isto,

161 2706 249 2752 quia
272 2706 475 2742 ostendunt
491 2704 589 2750 quod
605 2714 679 2739 non
698 2707 795 2739 sunt.
818 2717 836 2735 »
859 2705 932 2739 Un-

161 2754 222 2799 de,
251 2753 455 2790 secundum
474 2752 736 2798 Augustinum,
760 2750 933 2788 simulata

150 1349 182 1384 ri
207 1352 259 1385 est
284 1348 466 1385 obnoxius
486 1357 620 1392 poenae.
649 1347 749 1381 Unde
771 1346 930 1391 subjiin-

152 1397 250 1442 gitur
271 1407 278 1430 :
301 1398 453 1441 Propter
470 1392 697 1436 hoc,scilicet
715 1404 786 1427 non
808 1393 930 1427 solum

992 143 1128 184 CAPUT
1165 144 1362 183 XXXVIII

991 218 1147 264 aequitas
1169 229 1242 254 non
1272 219 1327 253 est
1348 214 1520 262 aequitas,
1543 214 1607 251 sed
1628 214 1764 260 duplex

991 265 1193 311 iniquitas;
1218 267 1253 300 et
1274 264 1373 303 ideo,
1391 274 1471 299 cum
1492 261 1633 298 venerit
1653 261 1763 298 retri-

992 314 1108 356 butio,
1131 311 1329 358 plectenda
1350 309 1482 356 majori
1503 319 1627 356 poena.

1040 364 1059 403 4
1078 361 1140 396 VAE
1167 371 1211 394 DE
1241 370 1340 394 INANI
1362 369 1498 393 Limone
1526 368 1566 391 ET
1585 366 1766 396 NssQmmA.

995 427 1038 433 ——
1056 409 1097 442 In
1124 406 1249 449 tertio,
1275 405 1469 447 redarguit
1491 415 1554 440 eos
1590 403 1636 439 de
1668 401 1771 438 inani

994 454 1121 490 labore
1140 456 1176 489 et
1192 453 1238 488 de
1256 452 1436 497 nequitia:
1462 454 1522 487 Vae
1540 451 1653 492 vobis,
1677 450 1774 486 Scri-

998 502 1046 536 bae
1067 504 1099 535 et
1115 501 1292 536 Pharisaei
1311 500 1517 544 hypocritae.
1540 500 1640 543 quia,
1664 494 1772 532 multi

996 551 1176 588 vestrum,
1193 545 1358 581 circuitis
1372 556 1471 580 mare
1486 548 1518 580 et
1533 545 1690 584 aridam,
1705 541 1775 578 sci-

997 595 1085 631 licet
1104 593 1272 629 civitates
1301 595 1337 627 et
1355 592 1475 636 villas,
1494 591 1696 626 lustrantes
1717 600 1774 625 or-

997 643 1096 683 bem,
1114 644 1154 675 ut
1176 650 1218 675 ex
1237 638 1458 681 Gentilibus,
1481 649 1592 672 unum
1611 638 1773 683 prosely-

999 693 1076 724 tum
1093 688 1257 731 faciatis,
1277 685 1312 721 id
1335 689 1388 721 est
1405 685 1569 730 aliquem
1590 684 1635 720 de
1648 683 1773 720 Genti·
1799 716 1803 721 .

1000 735 1104 771 litate
1125 734 1171 770 ad
1201 733 1434 769 Judaisrnum
1455 733 1606 767 trahant
1620 735 1657 766 et
1676 741 1773 766 con-

1003 785 1166 825 vertant;
1191 783 1227 816 et
1263 791 1335 815 non
1370 783 1524 825 propter
1563 777 1774 814 misericor—

1001 829 1116 873 diam,
1139 831 1177 863 ut
1199 837 1262 863 eos
1281 827 1436 871 salvent,
1460 826 1524 861 sed
1542 829 1606 861 aut
1623 828 1776 871 propter

1002 887 1135 911 vanam
1162 874 1336 920 gloriam,
1365 877 1404 909 ut
1440 872 1583 918 pietati,
1613 872 1715 916 fidei,
1737 873 1775 907 et

1002 922 1116 959 cultui
1141 921 1364 958 Christianae
1378 919 1776 965 religionisobsistant,

1003 974 1066 1007 aut
1090 973 1242 1015 propter
1272 968 1481 1009 avaritiam,
1502 970 1541 1002 ut
1567 966 1704 1002 additis
1740 966 1776 1000 in

1003 1027 1194 1064 synagoga
1215 1015 1318 1051 noxis
1345 1013 1499 1057 Judaeis,
1518 1017 1554 1049 et
1574 1012 1777 1048 sacrificio-

1004 1075 1088 1100 rum
1112 1064 1249 1099 oblatio
1286 1062 1486 1098 adderetur
1513 1060 1578 1095 eis.
1602 1060 1780 1104 Proselyti

1005 1112 1192 1154 dicuntur,
1218 1109 1294 1155 qui,
1316 1109 1446 1143 relicto
1474 1107 1697 1143 Gentilitatis
1718 1117 1777 1142 er-

1004 1169 1103 1201 rore,
1124 1159 1171 1193 ad
1191 1156 1423 1193 ,Iudaismum
1450 1155 1777 1198 convertebantur,

1006 1215 1163 1251 quorum
1179 1203 1313 1239 raritas
1331 1212 1519 1248 perunum
1531 1201 1778 1246 significatur.

1007 1254 1072 1288 Ubi
1090 1255 1191 1298 patet
1214 1251 1320 1285 labor
1340 1260 1488 1291 vacuus,
1508 1248 1594 1293 quia
1619 1259 1686 1294 pro
1708 1257 1778 1282 uno

1007 1300 1238 1334 circumeunt
1259 1307 1360 1332 mare
1375 1300 1410 1331 et
1431 1295 1575 1331 aridam
1598 1295 1703 1330 multi
1722 1304 1781 1329 eo-

1007 1357 1109 1390 runi;
1132 1347 1195 1381 seit
1218 1355 1312 1380 unus
1334 1344 1379 1378 de
1400 1342 1500 1377 mille
1522 1341 1690 1378 Christus
1707 1340 1779 1376 cir-

1007 1394 1081 1428 cuit
1104 1392 1310 1427 civitatates
1327 1394 1363 1424 et
1382 1390 1500 1433 villas,
1520 1394 1556 1424 et
1577 1391 1784 1435 sequuntur

1007 1450 1092 1475 eum
1111 1440 1230 1474 turbae
1251 1437 1390 1472 multae.
1404 1438 1511 1471 Putet
1531 1436 1642 1472 etiam
1665 1434 1782 1471 nimia

1007 1488 1175 1530 ipsorum
1209 1484 1389 1529 nequitia,
1415 1483 1592 1528 quoniam
1621 1493 1685 1528 pro
1707 1492 1781 1528 quo

1007 1533 1192 1571 laborant,
1210 1538 1247 1566 ut
1263 1531 1308 1566 aid
1324 1541 1362 1565 se
1379 1533 1540 1574 trabant,
1555 1529 1782 1566 deteriorem

1008 1590 1047 1615 se
1068 1580 1226 1623 t'aciunt3
1244 1577 1524 1622 sequitureniin
1543 1589 1550 1612 z
1569 1580 1616 1613 Et
1632 1588 1709 1612 cum
1720 1579 1782 1620 fa-

1007 1631 1083 1662 ctus
1095 1628 1221 1669 fuerit,
1235 1627 1361 1668 fucitis
1372 1635 1451 1659 eum
1467 1626 1583 1668 silium
1595 1627 1662 1668 961)
1670 1635 1780 1670 ennae,

1008 1684 1072 1709 seu
1094 1672 1328 1718 perditionis,
1347 1672 1574 1716 duploquam
1593 1682 1665 1706 vos.
1690 1671 1783 1714 Quia

1009 1725 1109 1763 ante,
1133 1720 1219 1754 dum
1253 1719 1426 1754 ethnicus
1454 1722 1546 1763 erat,
1566 1718 1783 1763 simpliciter
1821 1730 1822 1733 ¹
1885 1752 1886 1761 ,

1009 1768 1222 1810 eri·abat,et
1239 1766 1351 1800 semel
1369 1765 1467 1799 filius
1484 1775 1665 1810 geiiennae
1677 1768 1781 1810 erat3

1009 1814 1072 1849 sed
1087 1817 1216 1858 postea
1226 1812 1357 1847 videns
1376 1822 1505 1846 eorum
1522 1811 1636 1847 vitam
1656 1823 1784 1848 rever-

1010 1861 1100 1895 titur
1122 1861 1169 1895 ad
1190 1859 1456 1902 Gentititatem,
1478 1862 1515 1894 et
1534 1860 1585 1894 sic
1605 1858 1783 1905 praevari-

1010 1911 1114 1943 cator
1131 1910 1167 1942 et
1182 1910 1354 1952 apostata
1368 1916 1390 1941 a
1404 1907 1511 1950 Lege,
1527 1916 1636 1951 quam
1652 1916 1784 1942 serva-

1010 1965 1050 1989 re
1068 1953 1304 1999 promiserat,
1324 1954 1358 1987 in
1376 1953 1542 1988 moi-ibus
1561 1958 1597 1988 et
1614 1953 1686 1988 tide
1702 1963 1783 1998 pec-

1012 2004 1081 2042 cat,
1106 2004 1142 2035 et
1162 2003 1217 2034 est
1239 2000 1370 2044 majori
1391 2010 1498 2044 poena
1515 1999 1782 2045 dignus,quia:

1011 2049 1142 2083 Melius
1161 2050 1250 2081 esset
1269 2056 1554 2089 noncoynoscere
1569 2048 1665 2081 vium
1675 2047 1786 2091 justi-

1012 2097 1082 2137 tiae,
1101 2104 1209 2138 quam
1224 2097 1305 2137 post
1334 2095 1554 2136 agnitionem
1588 2098 1784 2128 retrorsum

1012 2143 1181 2176 concerti.
1193 2139 1370 2175 Similiter
1384 2139 1523 2174 faciunt
1542 2140 1592 2174 illi
1609 2140 1673 2186 qui
1689 2140 1783 2176 mul-

1012 2191 1092 2223 tum
1119 2188 1294 2222 laborant
1331 2187 1379 2221 ad
1407 2188 1477 2221 boc
1510 2188 1607 2232 quod
1641 2188 1786 2233 possint

1012 2236 1175 2280 aliquem
1198 2234 1244 2268 ad
1267 2233 1487 2278 religionem
1508 2234 1717 2280 adducere,
1747 2238 1784 2269 et

1014 2292 1096 2317 cum
1115 2281 1298 2316 adductus
1317 2284 1386 2323 est,
1409 2291 1475 2325 per
1499 2281 1596 2315 mala
1617 2280 1785 2327 exempla

1013 2328 1154 2364 iaciunt
1174 2338 1257 2362 eum
1280 2332 1493 2372 apostatare
1511 2339 1518 2361 z
1543 2328 1589 2362 Et
1615 2330 1706 2372 fiunt
1725 2338 1786 2363 no-

1012 2377 1164 2410 vissima
1185 2376 1287 2409 illius
1307 2374 1434 2419 prjora
1454 2375 1651 2419 prioribus,
1679 2374 1781 2420 quia,

1014 2426 1053 2458 ut
1074 2422 1133 2456 hie
1160 2423 1212 2456 ait
1231 2422 1483 2464 Hieronymus,
1502 2432 1577 2455 non
1599 2432 1642 2456 eo
1661 2421 1783 2457 studio

1012 2478 1204 2505 servamus
1236 2472 1405 2512 quaestta,
1424 2478 1496 2512 quo
1517 2468 1734 2513 quaerimus.

1061 2519 1079 2550 5
1100 2517 1160 2551 VAE
1177 2526 1220 2549 DE
1239 2526 1493 2551 FRAUDULENTA
1523 2526 1716 2551 srnLTmA.
1737 2535 1783 2541 -υ

1013 2564 1054 2598 In
1074 2565 1220 2607 quarto,
1248 2562 1438 2607 redarguit
1463 2572 1527 2597 eos
1551 2562 1595 2597 de
1628 2561 1784 2598 stultitia

1012 2613 1048 2645 et
1076 2608 1340 2652 fraudulentia,
1364 2609 1450 2654 quia
1475 2613 1514 2644 ut
1540 2610 1716 2654 populum
1734 2609 1781 2645 ad

1011 2656 1174 2692 dandum
1193 2658 1228 2690 et
1250 2657 1483 2691 offerendum
1504 2655 1718 2701 invitarent,
1736 2666 1781 2693 ea

1009 2714 1091 2750 quae
1106 2706 1212 2739 erant
1225 2706 1379 2755 propter
1401 2706 1580 2749 templum
1597 2709 1632 2739 et
1650 2705 1780 2746 altare,

1008 2750 1257 2797 praeferebant
1279 2760 1319 2786 111
1339 2751 1483 2788 honore
1509 2754 1546 2788 et
1581 2749 1780 2789 sanctitate
