1855 3139
70 231 89 263 4
503 208 509 211 ¹
570 224 781 259 SECUNDAE
821 222 979 256 rixans
1018 218 1155 253 CAPUT
1194 219 1204 250 1

67 300 168 337 enim
189 301 335 345 petram
354 294 562 332 aedificatur
581 298 660 331 tota
681 294 745 330 Dei
770 295 840 329 Ec-

67 348 193 384 clesia.
208 347 315 390 Item,
330 353 439 388 super
457 344 548 378 hanc
562 346 718 388 petram,
734 341 772 376 id
788 342 842 376 est

67 405 178 440 super
213 394 309 429 hanc
335 391 448 426 fidem
482 392 518 424 et
552 388 839 431 confessionem,

68 453 133 478 seu
147 440 258 486 hujus
273 438 360 474 fidei
375 440 411 473 et
425 435 594 472 veritatis
610 436 843 477 firmitatem,

68 492 260 533 tamquam
301 495 412 530 supra
449 483 735 519 fundamentum
778 481 845 515 fir-

69 545 186 578 mum,
211 532 394 578 aedifieabo
420 532 619 566 Ecclesiam
645 539 788 580 meam‚·
813 530 847 562 et

68 585 184 629 portae
214 581 341 624 inferi,
369 588 452 623 quae
479 581 564 613 sunt
589 580 846 627 suggestiones

75 629 303 670 daemonum,
349 625 615 660 delectationes
657 625 844 663 vitiorum,

73 675 253 711 doctrinae
279 672 541 708 haereticorum
556 699 564 713 ,
595 671 782 704 tormenta
804 677 847 702 ac

70 722 328 758 blandimenta
351 721 647 763 persecutorum,
670 725 713 750 ac
733 723 848 759 prava

72 769 257 804 malorum
275 775 401 811 opera,
413 763 597 808 colloquia
614 765 649 796 et
665 761 847 806 exempla,

72 826 154 861 quae
172 814 244 849 iter
263 810 486 858 perditionis
506 809 721 851 ostendunt,
744 813 780 842 et
801 807 846 841 ad

72 865 217 898 tartara
237 861 397 901 ducunt;
420 868 490 892 77on
511 856 767 902 praevalebunt
788 854 852 888 ad—

72 919 196 944 versus
234 918 333 949 eam,
373 905 513 939 scilicet
554 901 757 937 Ecclesiam
799 900 852 935 sic

73 956 276 998 firmatam,
319 952 406 997 quia
444 961 466 986 a
506 950 577 984 fide
620 952 656 983 et
697 948 851 983 caritate

78 1000 215 1038 Christi
238 1010 313 1035 non
334 997 561 1042 separabunt
582 1006 678 1031 eam.
705 996 754 1030 Ex
778 1004 851 1038 quo

78 1052 182 1095 patet
207 1046 308 1091 quod
335 1045 497 1079 Ecclesia
528 1042 696 1077 consistit
722 1042 758 1075 in
783 1039 854 1075 illis

78 1094 246 1141 personis
268 1092 304 1127 in
327 1091 461 1136 quibus
483 1093 537 1124 est
557 1090 690 1123 notitia
713 1091 749 1122 et
766 1098 854 1122 vera

79 1140 258 1177 consessio
279 1138 365 1173 fidei
387 1141 423 1171 et
440 1135 620 1171 veritatis.

128 1203 147 1234 7
172 1188 262 1229 Qun)
281 1196 368 1219 sUNT
389 1195 519 1218 omres
536 1194 640 1217 neom
659 1182 855 1216 meconem?

80 1255 124 1259 -
154 1232 290 1268 Deinde
324 1231 445 1265 claves
474 1230 579 1275 regni
609 1230 788 1264 coelorum
817 1239 855 1263 se

81 1283 192 1316 Petro
211 1280 383 1313 daturum
399 1278 578 1312 Dominus
593 1275 777 1321 promisit,
791 1275 854 1310 sed

80 1331 168 1362 tunc
190 1336 262 1361 non
288 1325 407 1363 dedit;
434 1325 520 1369 quia
540 1322 569 1357 si
590 1324 712 1357 statim
734 1323 854 1357 dedis-

80 1377 151 1417 set,
170 1382 375 1417 numquam
398 1370 436 1406 in
459 1372 565 1405 Petro
585 1369 750 1415 pravitas
769 1380 853 1404 con-

81 1420 267 1462 fessionis,
294 1419 337 1453 de
357 1429 427 1463 qua
449 1418 572 1452 statim
593 1417 778 1460 subditur,
799 1416 855 1450 vel

84 1477 189 1503 error
210 1465 432 1511 negationis,
455 1465 498 1499 de
526 1474 598 1509 quo
622 1463 659 1498 in
686 1464 858 1498 Passione

84 1512 365 1555 dicitur,loeum
385 1512 596 1546 invenisset.
615 1509 717 1545 Sicut
732 1514 857 1545 autem

84 1571 150 1605 pro
169 1559 340 1594 omnibus
361 1558 541 1603 Apostolis
560 1559 690 1592 Petrus
708 1568 858 1602 respon-

84 1607 152 1650 dit,
172 1607 223 1641 ita
250 1606 287 1639 in
321 1616 362 1639 eo
398 1604 570 1639 omnibus
597 1605 719 1639 claves
752 1603 856 1648 regni

87 1654 267 1688 Dominus
294 1652 475 1697 promisit,
505 1651 630 1686 dicens
661 1662 667 1686 :
696 1653 741 1685 Et
776 1651 858 1694 tibi,

83 1700 148 1745 qui
182 1710 258 1745 pice
295 1700 425 1733 ceteris
456 1699 644 1733 confessus
675 1708 733 1741 es,
767 1698 859 1732 dabo

85 1747 216 1785 claves,
239 1746 271 1780 id
288 1745 482 1790 ostjudicii
502 1748 740 1790 potestatem,
758 1746 860 1788 regflzz'

86 1794 275 1835 coelorum,
305 1793 339 1826 id
367 1795 422 1827 est
448 1791 621 1826 Ecclesiae
648 1791 856 1836 praesentis,

89 1850 171 1885 quae
193 1840 326 1874 dicitur
351 1849 507 1884 reguum
534 1839 728 1882 coelorum,
756 1839 857 1882 quia,

88 1886 136 1921 ad
162 1896 265 1920 usum
290 1886 481 1930 potestatis
511 1886 588 1930 ejus
616 1886 725 1929 digne
748 1885 857 1919 mini-

85 1935 257 1975 stratum,
290 1933 457 1977 sequitur
479 1932 601 1967 aditus
633 1932 688 1966 vel
722 1932 859 1966 clausio

89 1980 194 2025 regni
217 1979 406 2014 coelorum.
432 1980 532 2014 Unde
557 1979 608 2013 ait
626 1979 858 2013 Restm-«Cla-

89 2036 153 2061 ves
173 2028 296 2060 autem
322 2026 352 2059 ci
374 2035 448 2060 non
470 2026 580 2060 modo
603 2026 738 2060 dantur
756 2052 764 2068 ,
796 2025 859 2059 sed

87 2071 381 2117 promittuntur3
419 2072 577 2106 necdum
605 2072 702 2106 enim
743 2072 858 2106 labri-

90 2122 183 2153 catae
200 2122 287 2153 sunt
308 2128 421 2163 super
441 2118 613 2152 incudem
629 2118 760 2161 crucis,
792 2128 860 2152 nec

89 2165 127 2200 in
156 2176 199 2199 eo
219 2165 396 2209 sanguine
423 2168 654 2209 temperatae.
675 2165 749 2209 Ego
774 2175 863 2209 quo-

92 2222 164 2256 que
182 2210 341 2245 istarum
368 2210 526 2245 clavium
543 2211 761 2254 ministerio,
778 2221 861 2245 cuni

92 2258 218 2293 inactu
252 2256 487 2302 perfectionis
537 2257 674 2291 fuerint
700 2284 708 2300 ,
740 2258 860 2292 adbuc

95 2304 130 2339 in
153 2304 319 2339 ardentis
342 2303 526 2338 Passionis
546 2304 719 2348 fornace,
742 2305 862 2349 primo

90 2350 229 2386 latroni
247 2354 284 2384 et
304 2349 501 2384 homicidae
522 2351 687 2394 aperiam
708 2352 862 2395 januam

91 2396 272 2443 paradisi;
292 2400 382 2432 utet
397 2400 438 2431 tu
458 2397 494 2430 iu
509 2407 551 2431 eo
566 2396 732 2441 exemplo
748 2397 865 2441 publi-

91 2454 203 2479 canos
216 2447 251 2478 et
263 2444 479 2478 meretrices
495 2443 634 2478 intrare
655 2444 860 2488 permittas.

93 2492 146 2525 Tu
162 2490 260 2524 enim
274 2499 386 2534 super
396 2489 645 2535 eosjudicium
660 2491 861 2534 exercebis,

93 2536 155 2582 qui
184 2536 461 2571 confitebuntur
487 2536 648 2581 culpam,
671 2540 707 2571 et
733 2547 862 2582 exspe-

95 2583 249 2618 ctabunt
267 2593 429 2628 poenam.
447 2583 490 2617 Et
504 2583 586 2617 ideo
602 2584 755 2618 habebis
769 2584 864 2618 ordi-

92 2631 238 2665 nariam
250 2630 563 2674 J'urisdictionem,
580 2630 864 2674 etJ'udiciariam

98 2680 336 2723 potestatem,
347 2677 393 2711 ad
403 2676 499 2721 quod
515 2676 587 2710 duo
601 2675 862 2720 requiruntur:

94 2723 298 2759 auctoritas
316 2723 563 2768 cognoscendi
579 2723 636 2757 vel
658 2723 865 2758 arbitrandi

96 2771 140 2806 de
167 2769 293 2814 culpa;
318 2772 355 2804 et
381 2772 542 2814 potestas
568 2769 781 2805 absolvendi
807 2772 864 2805 vel

94 2817 208 2853 etiam
221 2815 427 2862 judicandi,
441 2826 525 2861 quae
542 2815 615 2851 duo
630 2816 697 2851 sub
714 2817 863 2853 nomine

917 291 1077 328 clavium
1098 289 1165 325 tibi
1184 288 1281 324 dabo
1303 301 1311 323 :
1333 300 1350 321 »
1371 287 1452 323 haec
1474 286 1585 322 Beda.
1609 285 1693 321 Cla-

916 349 979 374 ves
996 349 1085 384 ergo
1103 336 1210 382 regni
1224 334 1405 370 coelorum
1428 334 1545 378 ipsam
1563 333 1698 368 discre-

917 387 1059 421 tionem
1088 388 1125 419 et
1148 382 1354 428 potentiam
1385 381 1555 416 nominat
1584 391 1592 416 :
1619 379 1694 414 dis-

920 432 1123 468 cretionem
1159 440 1232 475 qua
1267 429 1399 474 dignos
1437 427 1492 462 vel
1523 426 1700 470 indignos

921 480 1127 522 discernat3
1155 476 1362 522 potentiam
1389 485 1493 518 vero,
1514 483 1588 518 qua
1611 473 1701 519 liget

919 527 978 562 vel
1002 526 1132 560 solvat.
1144 523 1274 559 'Clavis
1298 523 1435 567 quippe
1464 523 1518 556 est
1541 524 1702 565 potestas

920 573 1093 618 quaedam
1123 570 1326 616 spiritualis
1362 567 1699 613 supernaturaliter

920 631 941 655 a
960 620 1036 654 Deo
1063 619 1150 653 data
1186 620 1222 652 et
1255 615 1392 658 infusa,
1421 625 1496 649 non
1517 615 1646 649 innata
1664 616 1701 649 et

921 666 1116 711 acquisita.
1146 665 1189 699 Et
1223 663 1312 698 dicit
1342 663 1402 697 hic
1433 661 1574 706 Glossa,
1598 660 1698 706 quod

924 714 1005 749 dure
1037 715 1124 747 sunt
1156 710 1295 752 claves,
1331 709 1473 745 scilicet
1505 720 1513 743 :
1544 708 1700 743 scientia

924 758 1172 803 discernendi,
1204 768 1246 792 ac
1282 759 1446 803 potestas
1484 754 1624 801 ligandi
1662 758 1699 790 et

924 805 1103 842 solvendi.
1127 805 1231 841 Unde
1257 804 1451 839 sciendum
1480 802 1579 847 quod
1605 801 1701 837 sicut

925 855 963 888 in
990 854 1065 888 sole
1091 852 1259 898 potentia
1283 850 1547 895 liquefaciendi
1577 853 1614 883 et
1643 848 1699 883 in-

926 900 1085 936 durandi
1118 909 1192 934 una
1216 902 1268 933 est
1295 897 1332 932 in
1359 897 1498 937 radice,
1521 896 1586 931 sed
1619 896 1701 931 duae

926 948 963 982 in
1007 947 1223 990 effectibus;
1260 944 1311 980 sic
1348 948 1492 979 tantum
1535 954 1608 978 una
1648 947 1705 979 est

925 994 1039 1029 clavis
1069 993 1106 1027 in
1133 992 1272 1035 radice,
1296 991 1359 1026 sed
1388 991 1470 1026 duae
1495 990 1531 1025 in
1559 989 1699 1025 effecti-

928 1041 1008 1075 bus.
1029 1040 1148 1076 Clavis
1165 1039 1263 1074 enim
1284 1038 1419 1073 dicitur
1433 1041 1592 1082 potestas
1608 1037 1703 1083 judi-

927 1088 1037 1122 candi
1059 1088 1095 1121 in
1119 1086 1199 1120 soro
1223 1085 1450 1127 animarum,
1473 1095 1547 1119 non
1569 1095 1702 1129 corpo-

926 1145 1030 1177 rum3
1072 1137 1236 1178 potestas
1272 1137 1397 1167 autem
1429 1132 1624 1177 judicandi
1659 1142 1701 1173 ex

929 1181 1073 1216 duobus
1099 1179 1335 1225 integratur:
1356 1189 1396 1213 ex
1425 1182 1606 1224 potestate
1632 1178 1703 1213 dis-

929 1227 1107 1262 cernendi
1136 1228 1174 1261 in
1204 1237 1322 1261 causa}
1351 1226 1640 1266 examinatione,
1666 1229 1703 1260 et

930 1285 972 1310 ex
988 1278 1166 1319 potestate
1189 1273 1399 1308 diffiniendi
1429 1273 1466 1307 in
1491 1282 1611 1307 causae
1638 1273 1703 1307 de-

929 1320 1208 1362 terminatione,
1221 1318 1519 1365 persententiam
1532 1319 1705 1355 condem-

930 1369 1115 1403 natoriam
1158 1367 1215 1402 vel
1255 1367 1537 1402 absolutoriam.
1578 1367 1705 1402 Prima

930 1419 1094 1461 potestas
1121 1415 1256 1449 dicitur
1280 1414 1340 1449 hic
1366 1412 1534 1455 scientia,
1562 1423 1638 1448 non
1663 1416 1705 1448 ut

931 1466 986 1497 est
1002 1462 1149 1496 habitus
1166 1461 1404 1507 cognitionis,
1419 1461 1482 1495 sed
1504 1461 1704 1495 auctoritas

933 1513 969 1544 et
994 1512 1154 1553 potestas
1184 1508 1421 1543 discernendi
1453 1511 1489 1541 et
1513 1507 1705 1552 judicandi

934 1567 998 1601 per
1020 1554 1215 1591 scientiam
1234 1555 1492 1600 praehabitam.
1511 1554 1592 1589 Alia
1610 1554 1703 1588 dici·-

933 1608 994 1638 tur
1018 1603 1186 1648 potentia
1212 1601 1433 1637 admittendi
1459 1601 1505 1635 ad
1533 1611 1704 1646 regnum,

933 1650 989 1685 vel
1018 1649 1250 1691 excludendi,
1270 1649 1476 1684 secundum
1503 1657 1630 1682 verum
1647 1648 1707 1693 J'u-

934 1696 1070 1732 dicium
1117 1696 1389 1741 praeliabitunm
1436 1695 1523 1739 quia
1572 1695 1710 1729 debent

934 1743 1078 1786 indigni
1099 1743 1255 1786 excludi,
1273 1747 1308 1777 et
1327 1742 1430 1787 digni
1453 1741 1581 1786 recipi.
1604 1742 1709 1776 Unde

932 1790 1139 1825 Bernartius
1168 1802 1178 1824 :
1210 1801 1227 1821 «
1263 1791 1392 1824 Petrus
1418 1788 1538 1823 claves
1566 1789 1709 1832 accepit

935 1838 973 1871 in
1001 1837 1157 1872 scientia
1181 1840 1217 1870 et
1239 1839 1417 1880 potestate
1437 1834 1506 1869 sibi
1531 1835 1618 1870 data
1641 1835 1708 1870 de-

934 1894 1066 1928 super,
1103 1887 1139 1918 et
1172 1883 1229 1917 hae
1265 1883 1384 1917 claves
1423 1885 1510 1917 sunt
1548 1885 1708 1927 potestas

935 1930 1124 1976 aperiendi
1159 1934 1194 1964 ct
1226 1929 1437 1972 claudendi,
1471 1933 1582 1973 atque
1615 1929 1710 1963 inter

935 1976 1185 2012 admittendos
1216 1980 1251 2010 et
1287 1976 1535 2010 excludendos
1570 1976 1709 2010 discre-

935 2025 1000 2060 tio.
1032 2036 1049 2056 »
1087 2022 1227 2057 Deinde
1260 2022 1451 2067 subjungit
1477 2036 1484 2056 :
1513 2024 1561 2056 Et
1599 2022 1711 2067 quod—

935 2080 1083 2115 cumque
1104 2070 1274 2113 ligaveris
1297 2079 1405 2114 super
1428 2071 1573 2108 terram,
1598 2070 1633 2103 id
1654 2071 1710 2103 est

936 2119 1013 2162 ipso
1027 2126 1138 2162 super
1150 2120 1289 2150 terram
1301 2116 1460 2159 vivente,
1472 2117 1540 2150 erit
1556 2117 1710 2159 liyatum

935 2168 968 2199 et
992 2166 1031 2198 in
1051 2164 1160 2206 coelis,
1183 2162 1219 2197 id
1243 2166 1312 2206 est,
1334 2162 1493 2197 eoeiestis
1515 2165 1617 2197 curia
1642 2173 1709 2206 ap-

936 2209 1109 2256 probabit
1132 2213 1166 2244 et
1191 2209 1439 2244 confirmabit.
1465 2211 1512 2244 Et
1535 2209 1711 2244 similiter

937 2258 1184 2303 quodcumque
1197 2257 1347 2291 solveris
1361 2266 1469 2301 super
1485 2260 1630 2295 terram.
1643 2257 1712 2291 erit

936 2305 1093 2339 solutum
1115 2306 1147 2338 et
1170 2304 1207 2338 in
1236 2304 1332 2338 coelz's
1355 2317 1362 2338 ε
1390 2304 1462 2338 hoc
1490 2307 1558 2347 est,
1579 2313 1713 2338 seeun-

938 2352 1025 2387 dum
1039 2351 1216 2390 Glossam,
1227 2360 1501 2395 quemcumque
1515 2350 1713 2396 indignum

937 2398 1157 2433 remissione
1175 2397 1401 2442 Judieaveris
1425 2397 1512 2431 dum
1533 2397 1634 2440 vivit,
1657 2397 1713 2431 in-

938 2445 1070 2490 dignus
1103 2444 1200 2488 apud
1238 2444 1354 2478 Deum
1388 2443 1643 2489 judicabitur;
1679 2446 1715 2478 et

938 2500 1211 2537 quemcumque
1239 2491 1458 2525 solvendum
1487 2489 1714 2535 judicaveris

939 2540 1027 2573 dum
1046 2538 1150 2581 vivit,
1170 2537 1427 2572 remissionem
1448 2547 1470 2572 a
1490 2538 1565 2572 Deo
1588 2546 1713 2571 conse-

940 2589 1086 2630 quetur.
1118 2585 1203 2619 Haec
1240 2588 1364 2619 autem
1400 2583 1566 2618 solvendi
1599 2588 1710 2628 atque

940 2631 1080 2678 ligandi
1106 2635 1281 2676 potestas,
1304 2641 1379 2665 non
1405 2631 1471 2665 soli
1500 2631 1624 2674 Petro,
1645 2630 1709 2665 sed

940 2682 975 2713 et
996 2679 1127 2713 ceteris
1144 2677 1328 2722 Apostolis
1355 2678 1441 2712 data
1462 2680 1516 2711 est
1538 2687 1560 2712 a
1580 2677 1708 2712 Domi-

938 2736 1007 2770 no3
1030 2728 1066 2760 et
1095 2735 1169 2759 non
1196 2727 1339 2759 tantum
1361 2724 1558 2768 Apostolis,
1579 2733 1708 2759 verum

939 2773 1051 2807 etiam
1072 2772 1261 2817 Episcopis
1280 2775 1316 2806 et
1335 2771 1568 2816 presbyteris,
1592 2769 1708 2805 omni-

938 2829 1010 2864 que
1025 2818 1211 2854 Ecclesiae.
1225 2819 1278 2854 lta
1289 2822 1416 2854 tamen
1429 2818 1529 2864 quod
1546 2821 1706 2862 potestas
