1907 3139
205 140 256 175 DE
293 139 460 174 VIGILlA
499 137 875 174 PATRISFAMILIAS
914 140 1240 176 GUSTODIENTIS
1279 143 1431 177 DOMUM
1469 144 1599 179 SUAM.
1653 143 1716 177 259

85 214 238 266 propter
254 211 450 247 Dominum
465 210 646 254 serviens,
657 220 745 246 oves
761 210 864 246 Chri-

87 259 134 296 sti
153 270 228 296 non
247 256 296 295 ad
308 258 453 294 lucrum
474 261 623 303 tempo]
625 257 696 301 ale
714 258 778 294 sed
794 269 861 304 pro

85 317 212 343 amore
233 304 368 343 Christi
390 315 563 351 pascens,
585 315 722 346 servus,
746 305 784 340 id
807 309 862 342 est

85 354 237 391 humilis
273 352 490 397 affectione,
528 363 605 388 non
642 363 763 398 snam,
797 353 862 389 scd

84 400 230 455 Domini
249 399 408 446 gloriam
430 410 620 453 quaerens,
643 404 675 436 et
685 401 859 447 prudens

83 448 121 485 in
143 447 255 484 oflicii
273 446 527 501 exsecutione,
546 447 608 493 qui
624 429 862 484 subditorum

83 495 342 550 capacitatem,
370 495 507 539 vitam,
533 499 570 531 et
593 506 717 532 mores
741 496 861 532 discu-

80 543 163 587 tiat,
177 554 282 588 quem
304 545 493 579 constituit
506 545 691 586 Dominus,
708 545 769 589 qui
786 543 861 579 sci—

81 590 168 627 licet
201 590 249 626 sit
275 595 428 626 vocatus
449 602 471 626 a
494 592 584 635 Deo,
606 595 643 626 et
676 591 756 637 ipse
787 602 861 627 non

82 649 121 674 se
151 637 363 684 ingesserit,
392 649 501 684 super
526 640 713 681 familiam
741 650 859 680 suam,

81 686 286 732 regendam
309 689 344 721 et
364 685 615 732 pascendam,
633 690 672 722 ut
690 687 749 721 det
767 688 858 733 illis,

82 743 159 769 non
197 734 395 769 subtrahat
422 733 670 779 negligenter,
694 733 858 780 pigritia,

81 780 138 816 vel
160 780 357 816 occasione
385 780 471 824 alia,
496 791 564 816 nec
590 781 725 816 vendat
750 781 860 817 simo-

81 827 187 864 niace
208 839 376 872 nummo,
392 828 532 863 scilicet
553 827 768 874 cupiditatis
789 832 861 864 ter-

82 886 196 920 renae,
224 875 281 911 vel
321 874 441 911 laudis
474 876 663 920 humanae,
697 877 769 915 det,
806 874 860 911 in-

81 933 208 969 quam,
230 925 269 958 in
290 926 446 969 tempore
466 926 694 969 opportuno,
717 922 860 958 scilicet

82 969 318 1006 necessitatis
352 973 389 1006 et
423 970 692 1014 tribulationis,
727 969 766 1006 id
803 973 860 1006 est

82 1017 210 1053 habita
242 1019 424 1064 temporis
456 1020 752 1063 opportunitate,
780 1029 859 1054 non

79 1064 295 1109 indiscrete,
330 1066 448 1101 tritici
480 1076 700 1105 mensuram,
725 1065 762 1100 id
803 1069 860 1101 est

80 1113 198 1148 cibum
220 1112 355 1148 animae
377 1116 413 1148 et
440 1112 621 1158 corporis,
642 1112 783 1148 scilicet
802 1113 857 1148 di-

79 1159 156 1195 vini
178 1160 282 1196 verbi
303 1160 362 1196 vel
377 1159 550 1204 exempli,
564 1161 621 1196 vel
639 1160 857 1206 temporalis

79 1207 250 1251 subsidii,
272 1208 432 1244 electum
455 1208 502 1243 ad
516 1218 624 1243 usum
643 1208 855 1253 hominum,

78 1257 115 1290 et
150 1259 408 1291 mensuratum
440 1266 507 1301 pro
544 1255 723 1299 qualitate
750 1255 858 1291 audi-

79 1306 202 1338 torum
223 1309 260 1338 et
292 1302 571 1348 indigentium?
601 1303 706 1346 Quod
730 1307 858 1339 autem

79 1349 168 1385 dicit
190 1350 395 1396 quaerendo
418 1361 426 1385 :
449 1350 537 1392 Quis
557 1355 682 1395 putus,
703 1361 779 1386 non
802 1354 858 1386 est

79 1396 303 1443 ignorantis,
320 1408 386 1433 nee
406 1397 528 1443 signat
545 1398 625 1433 haec
643 1397 855 1443 interroga-

77 1445 129 1480 tio
155 1444 494 1491 impossibilitatem
520 1445 762 1490 perficiendae
784 1445 855 1480 vir-

77 1492 178 1535 tutis,
201 1493 266 1528 sed
291 1492 566 1534 difficultatem,
590 1495 625 1527 et
648 1492 703 1528 rei
725 1492 858 1528 rarita-

76 1542 166 1584 tem,
188 1550 293 1575 rarus
317 1543 373 1575 est
393 1539 493 1575 enim
521 1538 619 1584 talis,
644 1544 679 1575 et
702 1539 856 1576 difficile

78 1591 134 1623 est
163 1586 236 1623 ista
258 1586 296 1622 in
316 1597 390 1623 uno
416 1588 609 1630 invenire;
632 1598 706 1622 non
730 1590 855 1623 autem

76 1634 318 1681 impossibile.
346 1634 451 1670 Unde
477 1634 567 1669 dicit
597 1636 815 1679 Theophilus
843 1648 853 1671 ‚-

77 1696 94 1714 «
118 1682 220 1718 Sicut
240 1681 397 1717 enimin
419 1681 767 1727 dispensationibus
798 1682 854 1717 sa-

73 1729 266 1772 cultatum,
277 1729 353 1764 sive
369 1728 503 1774 aliquis
518 1728 688 1765 incautus
701 1729 747 1765 sit
769 1729 855 1765 licet

76 1776 198 1812 fidelis
232 1775 386 1811 domIno
426 1775 601 1819 existens,
629 1776 706 1812 sive
743 1776 855 1812 etium

76 1824 241 1870 prudens
268 1823 315 1859 sit
342 1823 407 1859 sed
430 1822 608 1868 infidelis,
632 1823 855 1869 dispereunt

77 1881 137 1907 res
163 1870 326 1915 domini3
357 1871 409 1906 sic
441 1874 477 1906 et
507 1870 546 1905 in
578 1872 691 1907 rebus
719 1870 855 1907 divinis

77 1929 169 1964 opus
191 1923 247 1954 est
262 1918 442 1954 fidelitate
460 1921 494 1953 et
505 1918 717 1964 prudentia.
739 1932 757 1951 >›
776 1920 854 1954 Duo

77 1977 180 2012 ergo,
201 1966 409 2002 secundum
428 1966 732 2010 chrysostomum,
750 1976 855 2011 expe-

76 2013 121 2049 tit
141 2015 186 2050 ab
207 2013 421 2059 hujusmodi
438 2024 559 2055 servo,
576 2012 716 2048 scilicet
737 2024 744 2048 :
766 2013 854 2049 fide-

78 2060 236 2105 litatem,
254 2064 295 2096 ut
318 2060 408 2096 nihil
425 2061 525 2106 quod
539 2060 688 2096 Domini
709 2060 766 2096 sui
783 2066 853 2106 est,

79 2108 148 2145 sibi
166 2108 359 2155 proprium
379 2108 539 2144 furando
565 2107 689 2151 saciat,
710 2111 775 2143 aut
796 2119 856 2143 va-

80 2167 128 2192 ne
142 2160 358 2199 consumat,
351 2166 358 2173 ·
379 2159 415 2191 et
434 2155 689 2201 prudentiam,
706 2162 743 2190 ut
758 2156 803 2190 ad
818 2155 856 2191 id

81 2203 181 2249 quod
196 2206 355 2248 oportet,
375 2202 459 2238 etin
476 2209 654 2248 tempoie
668 2213 750 2248 quae
770 2203 857 2238 data

81 2254 168 2286 sunt
182 2249 234 2285 di
222 2254 384 2296 penset.
401 2251 516 2286 Debet
533 2252 615 2285 aut«
623 2260 657 2284 m
676 2251 761 2284 lani:
768 2250 856 2285 liam

82 2297 230 2334 Donum
242 2308 396 2343 pascere
412 2307 726 2343 Π]5σ15(111”1Π15,6
741 2301 776 2332 et
792 2298 856 2333 da—

82 2355 124 2380 re
156 2344 209 2380 eis
249 2345 374 2380 cibum
406 2345 591 2391 triplicem
618 2345 855 2391 praedictum,

85 2392 288 2427 secundum
315 2403 530 2428 mensuram
552 2397 588 2427 et
612 2394 858 2437 capacitatem

87 2439 333 2485 singulorum
353 2444 389 2475 et
408 2441 478 2475 hoc
498 2439 535 2475 in
553 2444 749 2485 tempore:
772 2439 859 2484 quia

88 2486 302 2538 praedicatio
322 2497 442 2532 neque
459 2488 567 2522 debet
583 2497 663 2522 csse
690 2486 856 2531 assiil,ua

87 2543 134 2569 ne
173 2532 340 2577 xilescat,
380 2545 502 2580 neque
540 2534 651 2569 nimis
680 2545 779 2576 rara,
811 2544 858 2569 ne

87 2579 225 2616 subditi
247 2580 487 2617 insolescant.
504 2582 604 2617 Ideni
623 2581 735 2617 etiam
752 2582 859 2627 panis

87 2627 267 2663 esuiienti
292 2627 443 2673 quidem
473 2629 683 2675 appetibilis
710 2633 781 2665 est.
804 2638 860 2664 sa-

87 2674 179 2710 tiato
198 2679 323 2711 autem
349 2686 424 2711 non
443 2677 602 2712 multum
623 2675 739 2712 utilis.
763 2676 860 2711 Prae-

86 2721 172 2758 latis
191 2733 280 2768 ergo
301 2721 483 2759 incumbit
501 2723 657 2769 vigilare
677 2733 790 2770 super
804 2733 857 2769 se,

89 2771 127 2806 et
158 2780 270 2816 super
299 2780 454 2817 gregem
482 2781 605 2816 suum,
643 2774 680 2806 et
711 2770 862 2808 cuilibet

174 2831 265 2867 Vin
281 2833 367 2866 ι111511
381 2832 536 2873 Cnms‘rx,
551 2842 664 2867 'roilus
680 2833 745 2866 ΙΙΙ.

941 210 1043 247 fideli
1063 221 1130 257 pro
1152 211 1304 247 modulo
1328 223 1393 248 suo
1420 223 1428 247 :
1456 215 1588 250 Beatus
1616 214 1719 251 enim

938 259 1001 294 ille
1016 269 1153 300 servus,
1176 270 1280 304 quem
1299 261 1472 295 Dominus
1490 272 1581 306 ejus,
1591 261 1630 297 in
1651 272 1718 299 suo

939 306 1115 350 adventu,
1137 311 1266 342 etcum
1280 309 1418 343 venerit
1439 307 1475 343 in
1491 312 1610 345 morte
1634 309 1721 356 ipsi-

939 364 997 394 us,
1021 364 1196 400 quaerens
1225 353 1366 390 servitii
1401 356 1599 399 rationem,
1620 359 1717 393 inve-

939 403 1035 437 neiit
1062 403 1113 437 sic
1147 403 1354 446 facientem,
1376 401 1414 437 id
1435 405 1491 438 est
1526 403 1626 439 bona
1646 404 1717 450 spi-

940 448 1092 486 ritualia
1112 452 1147 485 et
1163 449 1375 495 corporalia
1392 449 1555 486 fideliter
1575 454 1610 486 et
1627 462 1717 497 pru-

901 523 902 535 ,
941 496 1088 542 denter,
1117 507 1160 533 ac
1191 497 1287 533 bene
1320 496 1610 541 ministrantem,
1651 499 1721 535 hoc

941 549 998 580 est
1015 546 1050 579 in
1067 544 1210 581 actibus
1230 544 1398 581 caritatis
1413 556 1451 581 se
1468 549 1720 598 exercentem,

941 602 982 627 ac
1014 602 1079 637 pro
1116 603 1154 627 se
1175 595 1212 628 et
1231 591 1302 628 sibi
1326 591 1481 628 commi
1475 592 1533 628 ,515
1552 575 1721 639 vigilan—

939 642 1028 682 tem,
1054 639 1140 685 quia
1157 650 1224 686 per
1244 639 1335 676 talia
1353 651 1409 676 mi
1414 644 1518 676 retur
1539 646 1720 676 aeteinam

938 686 1224 723 beatitudinem.
1250 689 1367 723 Amen
1400 689 1480 723 dico
1504 689 1606 723 vobis
1635 699 1721 734 quo-

936 736 1037 769 nium
1068 745 1177 780 super
1206 737 1327 770 omnia.
1351 736 1442 771 bona
1476 746 1556 777 sua,
1584 734 1622 771 id
1646 739 1716 781 est,

938 792 1052 827 super
1078 781 1205 817 omnia
1238 782 1400 818 coelestis
1434 793 1501 829 reg
1506 782 1543 818 ni
1567 783 1718 828 gaudia,

936 832 973 864 et
1005 828 1043 864 in
1079 828 1144 864 Dei
1166 829 1327 876 gloriam
1352 830 1453 866 ultra
1479 840 1591 876 quam
1626 830 1717 866 nihil

936 875 1071 912 melius
1102 879 1170 920 est,
1204 879 1397 913 constituet
1430 888 1529 918 eum,
1561 879 1649 923 quia
1681 879 1717 914 in

936 923 1168 959 beatitudine
1203 927 1344 960 aeterna
1374 929 1626 971 consequetur
1654 926 1719 978 bo-

935 982 1024 1007 num
1052 970 1260 1015 infinitum,
1284 972 1384 1017 quod
1412 972 1569 1008 includit
1590 972 1719 1009 omnia

935 1019 1060 1071 bona;
1084 1018 1278 1055 beatitudo
1302 1019 1403 1055 enim
1424 1023 1479 1056 est
1501 1023 1619 1056 status
1640 1031 1717 1056 om-

936 1065 1040 1101 nium
1082 1067 1266 1103 bonorum
1296 1067 1569 1113 aggregatione
1592 1068 1716 1114 perfe-

936 1117 1028 1149 ctus.
1067 1115 1171 1150 Bona
1216 1114 1353 1160 quippe
1392 1115 1595 1161 praesentia
1632 1119 1717 1151 sunt

935 1161 1191 1207 particularia,
1215 1163 1281 1197 sed
1308 1163 1405 1198 bona
1440 1162 1606 1198 coelestia
1631 1166 1718 1198 sunt

935 1219 1150 1244 communia
1169 1212 1206 1244 et
1228 1210 1408 1255 perlecta,
1431 1210 1520 1256 quia
1548 1220 1647 1246 nunc
1673 1221 1717 1246 ex

932 1260 1040 1302 parte
1070 1267 1352 1302 cognoscimus,
1378 1261 1414 1293 et
1439 1268 1481 1293 ex
1502 1261 1610 1304 parte
1628 1256 1713 1293 dili-

934 1314 1069 1350 gimus,
1085 1304 1150 1340 sed
1165 1305 1440 1350 tuncperfecte
1456 1305 1714 1341 Constituetur

933 1355 1058 1386 autem
1099 1362 1211 1397 super
1248 1352 1388 1396 omnia,
1411 1363 1486 1387 non
1517 1358 1559 1389 ut
1595 1352 1712 1397 solus,

933 1399 999 1434 sed
1028 1404 1068 1434 ut
1089 1410 1165 1445 prae
1188 1401 1322 1435 ceteris
1343 1399 1536 1445 possideat
1555 1399 1713 1446 praemia

932 1450 969 1481 et
996 1447 1132 1491 gaudia
1152 1449 1307 1489 aeterna,
1332 1450 1410 1482 turn
1436 1457 1505 1493 pro
1532 1458 1598 1483 sua
1620 1448 1709 1493 vita,

931 1498 1010 1528 tum
1043 1503 1110 1539 pro
1143 1504 1220 1529 suae
1255 1494 1380 1540 gregis
1403 1494 1582 1530 custodia.
1604 1496 1708 1535 Nam.

932 1542 1139 1576 secundum
1162 1544 1185 1573 (
1191 1543 1469 1586 hizssostomum,
1487 1552 1529 1577 ex
1549 1541 1712 1588 propriis

932 1587 1078 1623 merit1s
1111 1588 1266 1624 habebit
1290 1599 1458 1633 au1eam,
1485 1592 1521 1624 et
1556 1600 1600 1625 ex
1627 1589 1714 1626 alio-

931 1646 1013 1671 rum
1032 1635 1280 1689 acquisitione
1302 1636 1513 1672 aureolam:
1530 1636 1711 1684 primum,

933 1682 1127 1728 quiabene
1143 1683 1258 1718 vixit·
1252 1684 1500 1728 ,secundum‚
1518 1665 1714 1730 quiaalios

931 1730 1027 1766 bene
1047 1732 1172 1766 vivere
1201 1730 1342 1767 docuit.
1363 1731 1467 1767 Unde
1488 1731 1710 1777 Apostolus.

932 1777 1002 1819 Qui
1027 1778 1111 1813 bene
1127 1782 1304 1823 praesunt,
1327 1779 1469 1823 duplici
1504 1780 1634 1814 honore
1655 1780 1712 1814 di-

931 1827 996 1868 9ni
1020 1825 1236 1866 habeantur,
1257 1827 1420 1860 maurim&
1445 1828 1510 1870 qui
1544 1827 1712 1862 laborant

930 1874 969 1907 in
985 1873 1091 1907 verbo
1109 1876 1142 1907 et
1161 1873 1339 1908 doctrina.
1371 1873 1477 1908 Unde
1514 1872 1604 1908 dicit
1624 1875 1712 1909 Au—

930 1921 1113 1964 9ustinus,
1136 1920 1234 1965 quod
1258 1919 1356 1966 apud
1379 1921 1493 1956 Deum
1510 1919 1602 1955 nihil
1624 1921 1712 1957 bea-

930 1966 1004 2002 tius
1025 1966 1208 2013 Episcopi,
1230 1967 1287 2002 vel
1307 1966 1530 2013 presbyteri,
1548 1970 1612 2003 aut
1629 1968 1708 2005 dia-

931 2013 1015 2050 coni
1051 2014 1190 2057 olficio,
1213 2013 1243 2049 si
1277 2025 1320 2050 eo
1358 2015 1470 2050 modo
1509 2014 1706 2062 militetur,

931 2072 1004 2107 quo
1027 2064 1154 2097 noster
1173 2063 1381 2107 Imperator
1397 2063 1517 2108 jubet.
1537 2063 1610 2098 Iste
1632 2074 1707 2098 ser—

931 2119 1011 2152 vus,
1034 2108 1080 2143 de
1107 2119 1179 2154 quo
1211 2109 1282 2144 hoc
1303 2108 1452 2153 dicitur,
1473 2113 1528 2144 est
1551 2110 1708 2155 quilibet

931 2137 1179 2199 Christianus,
1200 2155 1263 2201 qui
1284 2159 1341 2192 est
1361 2156 1599 2202 dispensator
1634 2159 1705 2194 Do-

930 2203 1021 2238 mini
1037 2204 1108 2247 sui,
1122 2204 1222 2248 quod
1242 2202 1439 2249 tripliciter
1456 2203 1614 2250 intelligi
1629 2208 1709 2258 pot-

931 2261 968 2286 65
974 2254 1015 2285 t:
1047 2261 1120 2285 uno
1142 2251 1252 2286 modo
1280 2250 1318 2286 in
1339 2250 1392 2286 di
1381 2256 1620 2304 pensatione
1639 2251 1711 2299 spi-

932 2297 1134 2342 rituilium,
1164 2298 1263 2343 quod
1289 2298 1440 2344 piopiie
1477 2302 1640 2345 pertinet
1665 2299 1714 2336 ad

932 2344 1130 2391 praelatos3
1171 2345 1244 2381 alio
1287 2347 1413 2389 modo,
1445 2345 1483 2381 in
1525 2357 1589 2389 ref.
1583 2346 1712 2383 imine

932 2392 1213 2444 tempoialium,
1237 2394 1338 2439 quod
1362 2393 1525 2439 pertinet
1546 2394 1593 2430 ad
1611 2394 1711 2440 prin-

934 2439 1034 2485 cipes
1056 2440 1246 2476 seculaies
1269 2445 1305 2477 et
1320 2440 1487 2486 judices3
1505 2441 1616 2477 tertio
1633 2452 1712 2477 mo-

934 2487 995 2530 do,
1018 2488 1053 2522 in
1073 2488 1171 2522 bono
1191 2499 1258 2523 usu
1278 2489 1485 2533 gratiirum
1503 2500 1525 2524 a
1546 2490 1621 2541 Deo
1641 2489 1713 2524 sibi

935 2536 1170 2579 collatarum,
1192 2539 1232 2571 ut
1252 2536 1406 2581 quando
1425 2535 1589 2580 aliquis
1581 2547 1620 2571 in
1639 2546 1711 2581 quo

935 2581 1031 2617 ratio
1067 2593 1164 2617 vires
1205 2582 1403 2618 inferiores
1439 2583 1564 2620 debito
1598 2583 1711 2618 modo

936 2629 1045 2674 regit,
1070 2629 1186 2665 vitam
1207 2630 1373 2666 virtuose
1399 2630 1557 2676 peragit,
1576 2636 1613 2665 et
1641 2630 1712 2665 hoc

935 2678 1098 2722 pertinet
1116 2677 1163 2712 ad
1178 2688 1321 2713 omnes.
1340 2678 1431 2714 Cum
1449 2688 1537 2724 ergo
1560 2677 1708 2712 dicitur:

937 2724 1024 2767 Quis
1037 2727 1147 2770 putas
1162 2728 1214 2760 est
1227 2725 1346 2773 fidelis
1357 2735 1481 2761 servus
1494 2728 1528 2760 et
1534 2724 1710 2770 prudens,

938 2771 1035 2808 etc.‘?
1048 2774 1172 2818 potest
1185 2772 1405 2818 responderi
1418 2783 1425 2806 t
1444 2773 1506 2805 1111Ὶ
1519 2775 1575 2805 est
1589 2772 1711 2806 honus

1553 2836 1588 2867 19
