1907 3139
178 161 237 195 294
612 126 831 189 rsrcnsnffi
867 150 1025 194 rimis
1063 150 1187 186 carin
1221 151 1348 186 nvn

179 235 233 269 est
255 229 436 277 optimum
458 229 494 265 in
515 228 633 274 primo
654 230 724 269 est,
752 225 862 269 idque
884 235 952 259 ex-

180 277 321 315 hauriri
340 278 377 312 in
399 276 481 313 aliis
500 276 622 322 potius
634 273 812 320 patimur,
828 274 865 306 ut
887 281 949 322 no-

173 326 233 363 bis
258 325 396 361 faecem.
418 333 622 359 servemus.
654 334 671 353 »
700 318 855 363 Vigilias
885 317 946 352 hic

174 375 283 409 vocat
303 383 325 408 a
346 370 592 407 similitudine
619 367 879 403 excubantium
912 365 948 398 in

176 422 304 464 nocte;
338 419 425 463 qnia
462 417 501 453 in
535 416 645 459 hujus
685 412 812 449 mnndi
840 414 949 446 nocte

177 477 325 512 semper
345 466 525 501 debemus
549 460 695 498 solliciti
718 461 838 495 lucem
858 468 948 493 ven-

176 517 315 556 turam,
336 512 374 548 id
400 515 456 547 est
483 511 683 547 adventum
701 506 853 548 Judicis,
880 516 949 540 ex-

176 564 359 607 spectare,
380 558 468 602 quia
487 558 675 593 nescimus
691 553 840 605 quando
866 554 948 605 Do—

175 609 299 645 minus
321 605 458 649 veniet,
483 615 529 640 an
548 613 671 645 mane,
694 602 729 635 id
751 605 805 636 est
827 610 863 634 in
883 610 951 651 Ju-

177 657 345 697 ventute,
365 664 413 689 an
435 651 520 697 galli
544 652 666 692 cantu,
688 648 726 683 id
753 650 808 684 est
828 646 867 682 in
889 657 951 698 vi—

176 701 237 738 rili
258 704 382 743 aetate,
404 710 451 734 an
474 697 595 733 media
615 699 736 738 nocte,
770 694 808 729 id
836 697 891 729 e⁴t
912 703 948 728 1n

177 751 384 789 senectute,
407 757 454 780 an
482 755 580 787 sero,
605 743 643 778 id
677 745 731 777 est
764 741 802 777 in
830 740 948 776 senio.

177 797 236 838 Ei,
257 794 344 841 quia
369 794 408 829 in
436 791 605 838 quolibet
626 791 761 825 horum
786 791 949 823 statuum

179 841 295 887 aliqui
322 840 546 882 moriuntur,
569 840 604 873 et
632 835 779 872 Domini
804 836 952 871 adven—

180 894 238 925 tus
258 892 311 924 est
335 887 444 924 nobis
465 885 644 927 incertus,
668 883 750 918 ideo
772 882 809 917 in
829 882 952 928 quoli-

180 937 245 972 bet
264 939 377 977 statu,
403 937 439 969 et
459 932 630 968 omnibus
657 930 828 965 {ctatibus
855 928 955 973 vigi-

183 983 263 1018 lare
299 982 491 1023 debemus,
532 984 568 1014 et
603 976 725 1023 parati
770 987 849 1012 esse
889 985 956 1021 per

180 1027 363 1076 justitiam
397 1028 442 1062 asl
483 1024 741 1070 recipiendum
780 1028 955 1065 mortem,

183 1079 224 1112 ut
246 1074 284 1110 in
305 1076 424 1109 morte
449 1071 646 1107 Dominum
669 1069 881 1105 venientem
901 1079 957 1104 re-

185 1121 366 1168 cipiamus
386 1131 454 1166 per
476 1120 613 1154 bonam
645 1117 892 1152 voluntatem.

233 1172 252 1204 5
275 1170 440 1204 SCIENTIA
467 1177 603 1202 CULPAM
637 1175 823 1200 AGGRAVAT
849 1191 858 1207 ,
895 1173 961 1198 NEC

187 1227 341 1252 EXCUSAT
366 1224 585 1250 IGNORANTIA
606 1222 818 1247 AFFECTATA.
841 1231 881 1235 —
904 1211 960 1253 Et,

187 1274 234 1299 ne
257 1262 340 1308 quis
367 1261 529 1297 confidat
556 1260 602 1295 de
624 1262 739 1295 status
762 1257 959 1303 dignitate,

189 1313 253 1347 aut
268 1310 314 1345 de
333 1307 498 1345 scientiae
520 1305 702 1350 claritate,
722 1305 750 1341 si
767 1306 864 1340 male
883 1314 961 1339 ser-

187 1356 312 1400 vierit,
350 1353 542 1401 subjungit
582 1353 696 1399 quod,
736 1353 799 1387 ille
824 1361 961 1391 servus,

191 1409 230 1440 ut
245 1414 320 1439 non
338 1402 386 1438 sit
401 1400 575 1437 discretio
587 1400 625 1436 in
639 1410 791 1445 genere,
807 1400 871 1444 qui
883 1408 962 1441 eoq-

189 1453 290 1487 novit
310 1451 533 1486 voluntatom
553 1449 698 1483 Domini
717 1448 788 1490 sui,
811 1448 962 1488 bonam,

191 1501 228 1534 et
248 1497 295 1534 ad
317 1496 549 1542 implendum
569 1494 801 1539 obligantem
819 1504 826 1528 :
845 1496 877 1528 et
891 1502 963 1527 non

192 1555 230 1581 se
256 1545 497 1590 praeparavit,
517 1542 563 1577 ad
585 1542 742 1584 bonum,
764 1543 797 1575 et
816 1550 886 1574 non
906 1540 963 1581 fe—

193 1593 242 1628 cit
267 1591 461 1626 secundum
486 1590 707 1623 voluntatem
733 1587 824 1631 ejus,
845 1585 964 1631 ipsam

193 1638 233 1674 in
267 1647 379 1683 opere
416 1634 671 1681 adimplendo,
715 1637 751 1669 et
790 1633 901 1669 etiam
927 1631 964 1667 in

195 1683 579 1731 operepotissimo,ae
598 1680 718 1725 magis
735 1679 964 1725 beneplacito

195 1730 354 1768 Domino
373 1742 379 1773 ;
401 1729 520 1775 plagis
538 1728 745 1773 vapulabit,
768 1727 804 1762 id
825 1730 879 1761 cst
896 1736 966 1771 pu-

197 1778 337 1821 nietur,
356 1778 496 1819 multis,
516 1776 603 1821 quia
622 1774 789 1820 peccavit
810 1774 847 1808 in
872 1773 967 1808 mul-

194 1825 254 1869 tis,
274 1828 309 1860 et
331 1823 417 1869 quia
443 1822 664 1867 contempsit
697 1831 771 1856 non
797 1819 967 1855 faciendo

198 1871 298 1918 quod
330 1870 542 1906 faciendum
575 1868 730 1904 sciebat.
751 1867 848 1903 Talis
869 1867 968 1902 enim

198 1930 273 1955 non
293 1915 651 1963 exignorantia,sed
673 1926 716 1951 ex
736 1917 838 1950 certa
851 1913 968 1949 scien-

196 1966 250 2001 tia
266 1967 409 2012 peccat,
432 1967 466 1999 et
487 1963 648 1999 scienter
669 1972 827 2008 peccans
849 1960 969 1999 magis

199 2012 398 2049 Dominum
412 2011 630 2053 contemnit,
646 2016 682 2045 et
696 2010 779 2055 plus
798 2008 969 2052 offendit,

197 2071 241 2096 ac
260 2059 365 2095 vivus
389 2059 424 2093 in
440 2057 630 2093 infernum
649 2055 852 2092 descendit.
879 2056 970 2090 Ecce

201 2106 301 2152 quod
322 2104 477 2141 scientia
494 2106 672 2151 aggravat
687 2103 847 2148 culpam.
868 2103 972 2138 Unde
1005 2105 1006 2108 ’

199 2155 251 2189 ait
271 2153 463 2196 Greqorius
487 2164 497 2186 .·
525 2168 536 2182 u
562 2150 790 2189 Ubidonum
819 2148 973 2195 majoris

203 2199 382 2241 scientiae,
404 2198 454 2234 ibi
470 2201 726 2242 transgressor
744 2197 875 2242 majori
890 2197 972 2231 sub·
1006 2215 1007 2219 =

198 2247 298 2291 jacet
319 2246 448 2290 culpae.
464 2259 480 2278 ι)
498 2245 600 2280 Unde
622 2248 658 2279 et
673 2245 970 2288 Chrysostomus:

203 2306 222 2327 «
249 2292 379 2328 Levior
406 2292 513 2338 culpa
531 2295 587 2327 est
606 2290 801 2327 veritatem
822 2301 895 2325 non
914 2300 974 2334 ap-

201 2340 450 2386 prehendere,
462 2349 572 2385 quam
587 2344 824 2374 contemnere
841 2347 974 2383 appre-

204 2388 375 2422 hensam.
398 2387 477 2421 Non
493 2385 593 2421 enim
612 2384 784 2420 similiter
802 2385 839 2419 in
857 2385 974 2419 omni-

204 2434 274 2469 bus
293 2432 656 2478 omniajudicantur,
672 2432 737 2468 sed
751 2432 868 2477 major
886 2441 976 2477 cog·
1008 2435 1010 2451 ²

203 2479 296 2516 nitio
331 2479 373 2515 fit
414 2478 567 2525 majoris
597 2489 717 2525 poenae
754 2478 913 2514 occasio.
956 2491 975 2510 »
1009 2492 1011 2503 ³

204 2527 308 2563 Unde
343 2526 516 2562 sacerdos
551 2527 683 2562 eadem
709 2536 870 2572 peccans
891 2535 975 2562 cum

203 2574 355 2620 populo,
378 2573 492 2608 multo
513 2573 687 2617 graviora
710 2575 884 2619 patietur.
907 2573 978 2616 Qui

205 2624 324 2657 autem
355 2630 484 2656 servus
517 2619 671 2663 scilicet,
692 2631 763 2655 non
795 2622 975 2664 coqnovzt,

205 2667 347 2704 scilicet
369 2667 599 2702 voluntatem
617 2666 777 2710 Domini,
797 2667 863 2702 sed
881 2666 976 2702 scire

207 2714 326 2760 potuit
340 2715 369 2750 si
390 2713 582 2760 negligens
601 2723 676 2749 non
699 2713 839 2757 fuisset,
864 2717 897 2749 et
920 2715 975 2757 fe-

209 2764 272 2807 cit,
301 2764 470 2808 peccata,
498 2761 612 2806 diona
630 2761 769 2807 Ρῑαςῑε,
797 2763 834 2796 et
856 2760 974 2807 puni-

1026 222 1142 262 tione.
1165 224 1358 269 vapulabit
1376 224 1518 269 pauci&
1538 225 1574 260 et
1590 222 1714 262 minus
1732 235 1796 272 pu-

1026 269 1165 322 nietur,
1206 270 1338 306 ceteris
1375 270 1541 317 paribus,
1580 282 1693 317 quam
1731 273 1796 318 qui

1025 322 1187 353 scienter
1208 322 1349 364 peccat,
1373 321 1409 352 ct
1429 329 1472 353 ex
1493 324 1593 354 certa
1627 319 1793 364 malit1a3

1025 364 1201 409 quoniam
1227 364 1312 400 talis
1338 370 1467 409 peceat
1496 376 1537 401 ex
1564 366 1794 411 ignorantia,

1025 421 1107 457 quae
1130 411 1303 447 diminuit
1323 412 1368 447 de
1401 417 1564 456 peccato,
1597 413 1661 448 ΠΜ
1684 413 1798 449 fuerit

1025 458 1319 502 affectata‚sicut
1341 469 1420 493 cum
1438 459 1571 502 aliquis
1591 461 1666 495 vult
1688 460 1797 506 igno-

1023 515 1108 540 rare
1140 505 1243 541 illud.
1269 505 1367 549 quod
1405 508 1554 541 tenetur
1589 507 1712 543 facere
1738 506 1796 542 vel

1024 552 1156 593 vitare,
1180 556 1219 587 ut
1246 551 1418 587 licentius
1452 553 1571 597 possit
1602 565 1760 599 peccare
1786 569 1794 590 :

1025 609 1067 634 ex
1083 610 1218 644 magna
1238 598 1335 634 enim
1354 598 1506 634 libidine
1518 601 1694 644 peccandi
1714 611 1798 647 pro-

1024 646 1138 685 venit,
1163 656 1244 681 cum
1268 645 1404 690 aliquis
1425 646 1500 680 vult
1522 647 1613 682 1llud
1634 647 1795 692 ignora-

1027 703 1079 733 re,
1101 694 1204 736 cujus
1227 692 1381 728 scientia
1405 697 1528 736 posset
1558 704 1640 729 eum
1667 705 1689 730 a
1709 705 1796 733 nec-

1027 743 1108 775 cato
1139 739 1333 785 impedire,
1370 740 1425 775 vel
1460 741 1666 776 retrahere.
1691 741 1797 777 Multi

1028 787 1177 832 quidem
1197 788 1425 822 {estimantes
1447 798 1485 822 se
1504 787 1626 823 minus
1646 789 1798 830 vapula-

1028 838 1144 878 turos,
1177 834 1205 869 si
1231 834 1398 868 nesciant
1429 835 1528 879 quod
1560 835 1708 880 operari
1731 836 1798 871 de-

1028 882 1155 924 beant,
1183 884 1356 917 avertunt
1392 892 1535 925 aurem,
1573 893 1618 917 ne
1643 883 1800 918 verbum

1033 928 1109 971 Diei,
1141 931 1176 963 et
1212 930 1406 963 veritatem
1433 927 1587 964 audiant
1610 929 1666 965 vel
1691 929 1801 965 intel-

1031 975 1168 1020 ligant;
1205 975 1270 1010 sed
1309 986 1393 1010 cum
1432 979 1581 1020 possent
1624 975 1734 1020 scire,
1773 975 1803 1011 si

1032 1022 1197 1057 studium
1216 1022 1353 1057 vellent
1369 1022 1563 1066 adhibere,
1584 1034 1659 1059 non
1678 1026 1717 1058 ut
1736 1034 1802 1059 ne-

1032 1069 1204 1113 scientes,
1226 1069 1290 1104 sed
1312 1073 1352 1104 ut
1367 1072 1643 1114 contemptores
1662 1069 1805 1115 judica-

1034 1117 1189 1157 buntur,
1217 1126 1303 1162 qma
1329 1115 1390 1151 ille
1416 1116 1518 1151 solus
1551 1128 1625 1152 non
1659 1127 1805 1163 cogno-

1036 1173 1139 1198 scere
1160 1163 1339 1198 dicenslus
1353 1167 1422 1206 est,
1443 1163 1504 1208 qui
1523 1164 1806 1209 apprchendere

1035 1210 1125 1253 vult,
1142 1211 1205 1245 sed
1228 1220 1302 1245 non
1323 1210 1436 1253 valet3
1461 1210 1505 1245 de
1525 1211 1661 1246 talibus
1685 1222 1807 1254 perso-

1036 1256 1092 1292 nis
1105 1256 1240 1301 legitur
1255 1257 1291 1291 in
1304 1257 1388 1300 Job,
1403 1257 1501 1302 quod
1513 1257 1685 1293 dixerunt
1698 1259 1773 1293 Deo
1795 1269 1803 1293 :

1036 1305 1168 1340 Recede
1188 1315 1209 1338 a
1230 1304 1344 1341 nobis.
1360 1305 1549 1339 scientiam
1568 1307 1711 1340 viarum
1728 1308 1808 1340 tua-

1036 1362 1116 1386 rum
1134 1352 1311 1386 nolumus.
1330 1350 1433 1386 Unde
1449 1350 1499 1386 ait
1514 1352 1609 1386 Beda
1633 1363 1640 1386 z
1666 1366 1679 1384 α
1704 1351 1808 1387 Multi

1038 1399 1133 1433 lianc
1167 1397 1391 1433 sententiam
1420 1399 1516 1434 male
1543 1398 1807 1444 intelligentes,

1039 1445 1169 1480 nolunt
1203 1444 1298 1480 scire
1336 1444 1424 1490 quid
1460 1445 1610 1489 faciant,
1645 1452 1681 1481 et
1702 1444 1807 1490 quasi

1037 1493 1162 1527 minus
1177 1502 1215 1526 se
1231 1491 1470 1537 vapulaturos
1489 1494 1686 1530 aestimant,
1701 1493 1731 1528 si
1748 1503 1808 1528 ne-

1038 1538 1156 1574 sciant
1168 1539 1252 1583 quid
1268 1537 1415 1584 operari
1431 1539 1650 1575 debuerant.
1667 1540 1737 1576 Sed
1753 1550 1809 1575 er-

1038 1591 1121 1621 rant
1144 1597 1152 1620 t
1177 1585 1274 1620 alind
1305 1584 1404 1620 enim
1432 1591 1487 1621 est
1511 1586 1685 1630 nescisse,
1708 1586 1809 1622 aliud

1039 1636 1093 1668 est
1121 1632 1216 1667 scire
1246 1631 1407 1667 noluisse
1441 1643 1449 1667 ε
1483 1633 1602 1668 nescit
1632 1644 1809 1679 namque,

1041 1678 1101 1724 qui
1131 1679 1415 1724 apprehendere
1442 1679 1533 1723 vult,
1567 1683 1602 1714 ct
1626 1691 1702 1715 non
1737 1691 1808 1715 va—

1039 1727 1110 1769 let;
1140 1725 1201 1771 qui
1221 1730 1375 1777 antem,
1399 1728 1435 1760 ut
1462 1727 1617 1771 nesciat,
1641 1737 1770 1763 aurem
1789 1737 1811 1762 a

1042 1783 1130 1808 voce
1154 1776 1319 1808 veritatis
1350 1772 1496 1812 avertit,
1532 1773 1600 1809 iste
1635 1785 1708 1810 non
1737 1784 1811 1809 ne—

1040 1830 1175 1861 sclcns,
1199 1819 1263 1854 sed
1294 1822 1527 1865 contemptor
1551 1820 1683 1856 merito
1713 1820 1811 1856 diei—

1040 1870 1113 1903 tur.
1134 1881 1151 1899 »
1177 1867 1280 1902 Unde
1308 1870 1344 1901 et
1369 1867 1639 1911 Chrysostomus
1659 1879 1667 1903 :
1691 1881 1708 1901 «
1730 1869 1811 1904 Non

1042 1918 1096 1951 est
1108 1913 1159 1949 eis
1173 1913 1357 1949 excusatio
1370 1914 1694 1950 condemnationis
1707 1914 1811 1959 igno-

1040 1962 1163 1997 rantia
1174 1960 1355 2004 veritatis,
1370 1960 1505 2006 quibus
1516 1961 1586 1997 fuit
1599 1961 1813 1997 inveniendi

1042 2007 1213 2051 facilitas,
1232 2007 1261 2043 si
1280 2007 1407 2043 t‘uissrt
1428 2008 1620 2052 quaerendi
1643 2008 1812 2054 facultas,

1043 2066 1131 2091 nain
1152 2054 1304 2097 veritas,
1319 2055 1431 2092 salus,
1446 2059 1482 2090 et
1500 2054 1575 2090 vita
1589 2066 1814 2101 cognoscen-

1042 2105 1136 2138 tium
1173 2112 1211 2137 se
1239 2100 1357 2145 magis
1389 2101 1500 2136 deliet
1531 2102 1662 2147 quaeri,
1699 2112 1811 2148 quam

1044 2159 1226 2196 quaerere.
1257 2160 1273 2180 >2
1307 2148 1411 2183 Unde
1430 2147 1540 2183 etiam
1575 2150 1812 2184 Bernartius:

1046 2211 1064 2230 α
1105 2196 1218 2231 Multa
1256 2194 1409 2230 scienda
1451 2195 1668 2231 nesciuntur
1706 2207 1714 2231 :
1752 2200 1815 2231 aut

1007 2257 1008 2276 3
1046 2242 1189 2280 sciendi
1210 2241 1365 2283 incuria,
1382 2247 1445 2277 aut
1467 2242 1633 2278 discendi
1655 2242 1813 2286 desidia,

1007 2321 1008 2327 ,
1046 2288 1344 2326 autverecun-lia
1363 2288 1590 2334 inquirendi,
1609 2293 1645 2325 et
1664 2289 1816 2335 quislem

1046 2335 1259 2383 hujusmodi
1283 2335 1495 2382 ignorantia
1525 2347 1598 2372 non
1618 2337 1731 2372 habet
1754 2347 1815 2371 ex-

1046 2383 1289 2420 cusationem.
1314 2396 1331 2414 ›>
1364 2384 1407 2418 Et
1433 2382 1596 2418 iterum:
1627 2398 1645 2415 «
1667 2384 1817 2419 Frustra

1047 2431 1117 2467 sibi
1139 2430 1184 2466 de
1204 2429 1436 2472 infirmitate,
1459 2430 1515 2465 vel
1537 2431 1581 2465 de
1602 2429 1817 2475 ignorantia

1047 2477 1301 2519 blandiuntur,
1328 2475 1390 2521 qui
1414 2481 1451 2512 ut
1471 2476 1624 2513 liberius
1648 2479 1812 2520 peccent,

1010 2563 1011 2567 ,
1047 2525 1206 2561 libenter
1230 2523 1285 2558 vel
1307 2523 1496 2568 ignorant,
1529 2523 1587 2559 vel
1614 2524 1815 2560 infirman—

1048 2575 1108 2608 tur
1130 2583 1138 2606 :
1162 2585 1180 2603 »
1200 2571 1280 2606 haec
1294 2571 1512 2606 Ber-nardus.
1531 2571 1602 2607 Sed
1624 2571 1728 2615 pauci
1751 2581 1816 2615 per

1009 2659 1010 2662 Ἴ
1048 2617 1300 2665 ignorantiam
1322 2621 1560 2661 excusantur,
1581 2617 1682 2662 quia,
1706 2621 1746 2653 ut
1764 2617 1816 2652 ait

1008 2669 1010 2702 ἰ
1046 2668 1114 2702 Leo
1136 2666 1248 2711 Papa,
1270 2663 1465 2700 intonante
1483 2663 1649 2710 quotidie
1663 2663 1815 2700 auribus

1049 2712 1185 2749 nostris
1202 2711 1350 2755 eloquio
1368 2712 1446 2755 Dei,
1458 2711 1578 2747 omnis
1592 2712 1703 2747 homo
1724 2709 1812 2756 quid

1048 2759 1185 2796 divinae
1198 2757 1351 2804 justitiae
1368 2758 1526 2805 placeat,
1545 2758 1639 2797 scire
1660 2757 1814 2794 convin-
