1907 3139
139 216 199 250 308
631 212 838 247 SECUNDAE
875 212 1032 246 PARTIS
1069 211 1208 245 CAPUT
1246 212 1267 245 L

144 284 223 321 mul
240 284 280 320 in
306 283 454 330 pascuis
475 293 563 319 oves
591 285 627 317 et
655 281 770 325 hoedi,
791 281 855 316 sed
878 279 917 315 in

144 342 299 377 vespere
327 334 456 378 pastor
483 341 547 366 eos
572 332 767 375 segregat3
794 327 847 363 sic
879 327 917 361 in

143 379 220 414 vita
237 377 415 423 praesenti
443 380 529 413 sunt
550 376 589 412 in
612 374 776 411 Ecclesia
807 373 918 409 simul

144 425 234 462 boni
253 429 290 462 et
324 424 426 469 mali,
452 424 517 460 sed
544 424 583 459 in
609 433 764 468 vespere
788 421 918 456 mortis

142 483 207 509 seu
230 471 376 515 mundi,
397 470 589 517 separabit
610 469 780 505 Christus
798 468 918 503 bonos

141 530 164 555 a
180 519 304 563 malis,
325 519 420 554 sicut
450 528 538 553 oves
568 517 615 552 ab
649 515 780 551 hoedis.
802 516 915 558 Sepa-

138 566 250 610 rabit,
278 568 433 611 inquam
466 576 475 599 2
509 563 656 606 merite,
688 561 814 597 omnia
843 572 919 597 me-

139 613 213 649 rita
254 611 529 653 discernendo;
572 610 668 653 loco,
697 608 779 644 loca
812 607 917 644 varia

95 669 105 676 *
138 659 389 705 assignando3
417 657 624 700 vocabulo,
656 654 813 691 diversis
845 666 909 690 no-

140 707 305 743 minibus
335 704 556 751 appellando
577 704 646 738 hos
669 703 812 746 hoedos,
831 701 916 737 illos

140 765 240 790 oves.
262 755 304 788 In
330 752 461 788 ovibus
481 750 706 796 intelligitur
728 750 915 784 innocen—

138 800 191 836 tia
211 801 410 842 bonorum,
436 801 590 844 propter
622 796 913 842 simplicitatem,

139 847 356 890 mititatem,
376 844 679 887 toecunditatem3
717 843 757 878 in
796 842 915 879 hoedis

139 893 364 939 intelligitur
374 891 602 938 perversitas
620 891 820 934 malorum,
833 901 916 936 pro-

138 944 221 987 pter
240 940 461 983 foeditatem,
481 938 813 985 impetuositatem,
846 941 916 973 ste-

137 988 331 1023 rilitatem.
358 987 461 1024 Unde
490 987 761 1029 chrysostomus
783 997 793 1019 :
816 998 834 1017 «
850 986 916 1020 De-

138 1033 238 1073 inde.
285 1044 307 1069 a
341 1032 561 1068 nominibus
595 1032 916 1077 uniuscuiusque,

138 1081 292 1117 modum
319 1079 492 1118 ostendit,
515 1080 584 1114 hos
613 1078 764 1124 quidem
786 1078 916 1113 hoedos

138 1138 292 1171 vocans,
321 1127 391 1162 hos
414 1130 539 1162 autem
566 1136 655 1161 oves
679 1137 686 1160 :
717 1128 758 1160 ut
779 1125 915 1160 horum

115 1174 291 1221 *quidem
324 1172 695 1209 infructiticationem
727 1172 915 1217 ostendat,

138 1222 262 1257 nullus
278 1221 378 1257 enim
400 1221 445 1257 ab
466 1220 586 1255 hoedis
602 1220 744 1255 fructus
764 1219 831 1262 fit3
853 1220 917 1255 ho-

138 1280 223 1304 rum
245 1272 371 1304 autem
397 1268 557 1303 multum
578 1270 763 1312 quaestum
783 1270 917 1301 osten-

138 1316 216 1359 dat,
238 1315 379 1351 etenim
407 1314 543 1350 multus
565 1314 690 1349 ovium
724 1316 780 1349 est
807 1324 917 1358 quae—

139 1366 231 1407 stus,
261 1366 297 1398 et
326 1373 348 1397 a
375 1362 461 1398 lana
501 1363 685 1406 lacteque,
705 1365 742 1396 et
777 1361 823 1396 ab
859 1360 918 1395 his

140 1420 223 1455 quae
244 1409 522 1455 parturiuntur,
539 1419 561 1444 a
582 1407 720 1454 quibus
735 1407 918 1443 universis

140 1457 312 1493 desertus
347 1459 405 1492 est
442 1455 585 1491 hoedus.
624 1468 642 1488 »
676 1456 719 1490 Et
750 1455 916 1490 iterum:

142 1518 159 1537 «
183 1505 292 1547 Oves,
315 1502 487 1539 homines
501 1502 592 1548 J'usti
614 1513 621 1537 :
641 1506 796 1547 propter
817 1512 919 1537 man-

142 1551 396 1593 suetudinem,
430 1551 518 1594 quia
544 1548 612 1594 ipsi
639 1548 829 1584 neminem
852 1549 917 1584 lae-

142 1598 249 1640 dunt,
291 1601 327 1633 et
365 1600 522 1642 propter
559 1594 797 1641 patientiam,
832 1595 919 1641 quia

141 1655 226 1680 cum
243 1645 290 1680 ab
310 1644 393 1679 aliis
414 1643 513 1679 laesae
536 1642 688 1683 fuerint,
707 1642 891 1677 sustinent
908 1654 916 1686 3

139 1692 271 1727 hoedos
292 1695 415 1727 autem
439 1689 608 1725 homines
628 1692 845 1734 peccatores
862 1689 918 1724 di-

143 1737 208 1782 cit,
239 1738 325 1783 quia
356 1737 394 1773 in
422 1736 545 1783 capris
579 1737 658 1771 haec
699 1735 920 1772 naturaliter

141 1784 270 1820 insunt
291 1784 379 1820 vitia
400 1796 407 1819 :
428 1784 542 1819 libido
569 1794 647 1829 prze
683 1783 816 1818 ceteris
844 1782 920 1818 ani-

143 1831 317 1875 malibus,
346 1830 533 1877 superbia,
549 1831 642 1872 rixa,
663 1828 918 1873 invidia,con-

143 1878 375 1925 cupiscentia
398 1878 509 1923 gulas,
543 1880 580 1912 et
606 1876 833 1912 clamoribus
862 1888 919 1912 su-

141 1937 210 1972 per
236 1925 365 1961 omnia
391 1925 579 1970 garrulae;
605 1924 643 1958 in
666 1923 841 1959 omnibus
861 1923 920 1958 his

142 1972 241 2008 vitiis
274 1976 490 2018 peccatores
523 1970 730 2013 abundant,
765 1974 802 2006 et
835 1970 918 2005 ideo

142 2020 261 2055 hoedis
289 2022 374 2055 sunt
403 2017 601 2054 assimilati
624 2028 632 2052 :
656 2030 673 2050 >³
704 2018 784 2052 haec
806 2018 918 2061 Chry-

139 2070 329 2102 sostomus.
354 2068 401 2102 Et
421 2069 557 2101 statuet
583 2075 676 2103 ores,
699 2075 764 2100 seu
785 2065 918 2107 bonos,

141 2125 162 2149 α
187 2114 331 2148 deaetris
351 2115 451 2156 sui33
476 2113 594 2147 hoedos
612 2114 744 2151 autem,
761 2122 829 2146 seu
845 2121 922 2146 ma-

142 2161 211 2204 los,
233 2172 255 2195 a
271 2161 446 2195 sinistris.
466 2161 507 2195 In
526 2158 604 2204 ipsa
626 2157 811 2204 positione
832 2158 918 2193 dex-

142 2210 233 2242 terae
255 2210 291 2242 et
311 2206 485 2250 sinistrae,
505 2207 584 2250 ,jam
599 2216 641 2240 ex
657 2208 745 2239 tunc
760 2208 919 2250 utraque

141 2264 230 2300 pars
256 2264 483 2298 cognoscere
510 2251 659 2297 poterit,
685 2251 743 2286 cui
770 2251 919 2287 miseri-

143 2300 286 2344 cordia,
309 2305 346 2336 et
367 2299 423 2335 cui
446 2298 597 2335 miseria
620 2298 829 2333 immineat.
850 2299 921 2334 Un-

143 2347 189 2382 de
212 2347 312 2382 idem
340 2346 392 2381 ait
415 2347 687 2390 chrysostomus
715 2358 725 2380 :
751 2358 769 2378 «
794 2347 919 2381 Justos

140 2393 293 2439 quidem
314 2394 359 2428 ad
381 2393 573 2428 dexteram
596 2392 809 2435 constituet,
830 2402 918 2437 pec-

144 2443 294 2475 catores
314 2440 360 2475 ad
382 2439 587 2482 sinistram,
608 2443 648 2474 ut
666 2438 920 2484 unusquisque

141 2486 363 2523 meritorum
402 2496 556 2521 suorum
589 2485 857 2529 conditionem,
877 2496 919 2521 ex

145 2533 261 2580 ipsius
281 2533 351 2568 loci
366 2532 544 2578 qualitate
559 2536 771 2577 cognoscat.
791 2532 919 2567 Merito

141 2581 263 2627 justos
289 2579 335 2615 ad
367 2580 556 2615 dexteram
586 2579 795 2623 collocabit,
827 2590 919 2624 quo-

144 2627 246 2663 niam
280 2637 484 2671 numquam
517 2625 705 2661 sinistram
735 2637 919 2671 cognove-

145 2677 236 2710 runt
248 2685 255 2717 ;
269 2673 403 2709 merito
415 2672 549 2719 impios
559 2672 607 2708 ad
621 2672 825 2716 sinistram,
836 2672 923 2718 quia

146 2730 351 2766 numquam
373 2730 600 2765 cognoscere
625 2719 823 2755 voluerunt
840 2721 923 2755 dex-

144 2770 265 2804 teram
285 2770 456 2813 partem:
476 2768 568 2803 Vias
585 2768 679 2801 enim
699 2777 777 2811 quae
797 2777 819 2801 α
835 2767 923 2802 dem-

144 2817 213 2850 tris
262 2817 360 2855 sunt,
397 2815 497 2849 novit
530 2814 726 2855 Dominu33
752 2823 926 2858 perversae

993 283 1113 315 autem
1132 282 1230 321 sunt,
1254 290 1332 324 quae
1353 280 1402 315 ad
1418 281 1608 316 sinistram
1626 285 1722 317 sunt.
1744 296 1758 314 n

993 328 1037 362 Et
1051 326 1201 362 iterum:
1217 328 1277 362 «A
1295 326 1455 363 sinistris
1473 331 1572 373 sunt,
1587 329 1649 374 qui
1665 339 1764 375 quae-

992 377 1080 410 runt
1098 373 1342 419 temporalia;
1367 385 1389 410 a
1415 375 1555 410 dextris
1576 386 1678 420 vero,
1700 375 1764 422 qui

993 423 1165 466 quaerunt
1181 424 1334 456 aeterna.
1349 434 1367 453 >›
1391 422 1494 457 Unde
1510 425 1547 457 et
1566 424 1764 467 Rcmiqius:

993 481 1012 499 «
1034 469 1075 503 In
1092 467 1229 503 dextris
1247 471 1398 503 aeternas
1416 468 1662 505 beatitudinis
1680 481 1765 506 con-

990 514 1255 558 firmabuntur,
1281 514 1341 559 qui
1366 520 1588 552 amaverunt
1605 520 1763 561 aeterna3

991 561 1030 596 in
1053 560 1214 597 sinistris
1241 564 1393 596 aeternfe
1415 562 1591 607 miseriae,
1614 563 1678 609 qui
1700 575 1765 600 cu-

990 609 1139 653 pierunt
1159 607 1371 653 praesentia.
1385 610 1477 644 Nam
1496 613 1532 645 et
1549 610 1629 655 ipsa
1649 614 1767 647 trans-

990 654 1102 690 itoria
1128 654 1194 689 Dei
1232 655 1330 690 dona
1350 682 1359 698 ,
1401 659 1570 698 respectu
1602 660 1765 694 aeterno-

990 712 1087 745 rum,
1111 701 1284 736 dicuntur
1303 712 1384 738 esse
1401 701 1580 748 sinistra3
1608 707 1764 749 aeterna,

988 759 1077 784 vero
1113 747 1152 783 in
1184 748 1349 792 dextera,
1385 749 1447 794 qui
1481 753 1569 785 sunt
1603 751 1764 797 potiora,

989 794 1076 831 hinc
1097 798 1152 830 est
1169 794 1282 830 illud:
1311 797 1377 832 Cor
1403 798 1580 841 sapientis
1612 800 1650 833 in
1675 799 1765 834 dea:-

989 846 1066 877 tera
1095 843 1185 887 eJ'us,
1211 845 1244 877 et
1267 853 1326 878 cor
1349 844 1454 878 stulti
1477 846 1515 880 in
1537 847 1690 880 sinistra
1715 847 1768 881 il-

990 890 1061 924 lius
1081 901 1092 924 .·
1114 902 1130 922 »
1150 890 1229 924 haec
1252 891 1451 934 Remigius.

1038 940 1057 971 5
1080 937 1169 979 QUID
1195 947 1295 971 Diem·
1330 939 1407 972 REX
1435 949 1538 973 Bonis
1557 939 1575 974 ἱ)
1596 958 1639 965 -
1670 941 1767 976 Tunc

989 984 1083 1019 dicet
1104 986 1182 1019 Reae
1200 985 1256 1018 his
1271 987 1336 1028 que:
1348 996 1369 1019 α
1389 985 1533 1020 deoetris
1551 986 1629 1030 ejus
1645 990 1764 1030 erunt,

989 1030 1027 1065 id
1049 1034 1105 1065 est
1119 1030 1226 1066 bonis
1248 1042 1255 1065 :
1280 1030 1339 1066 hic
1357 1042 1431 1067 non
1451 1032 1552 1075 dicit,
1569 1032 1683 1069 Filius
1703 1034 1767 1070 ho-

990 1077 1116 1129 minis,
1137 1079 1231 1113 sicut
1245 1088 1373 1124 supra,
1391 1079 1469 1122 sed,
1488 1082 1578 1122 Reae,
1599 1081 1646 1116 ad
1663 1081 1768 1127 cujus

989 1135 1134 1170 apicem
1167 1124 1329 1169 pertinet
1361 1126 1529 1162 subditos
1548 1138 1693 1173 regere,
1714 1128 1768 1164 le-

990 1182 1055 1217 ges
1074 1171 1248 1215 condere,
1271 1175 1571 1218 transgressores
1593 1174 1684 1220 legis
1703 1185 1769 1221 pu-

990 1218 1087 1262 nire,
1104 1221 1140 1253 et
1151 1219 1414 1255 observatores
1432 1220 1652 1265 praemiare;
1667 1222 1768 1267 quod

991 1268 1081 1301 tunc
1108 1265 1305 1311 apparebit
1335 1266 1546 1303 manifeste.
1569 1269 1671 1303 Tune
1691 1279 1768 1304 non

993 1316 1136 1364 quaeret
1159 1313 1300 1348 Pilatus
1319 1324 1327 1348 :
1345 1315 1442 1358 Erqo
1455 1325 1519 1349 νεα)
1535 1317 1648 1350 estu?
1666 1316 1769 1352 Tunc

992 1370 1069 1395 non
1085 1359 1211 1395 dicent
1222 1359 1339 1396 Judaei
1355 1363 1455 1398 :Non
1469 1363 1639 1397 habemus
1649 1373 1768 1407 reqem

992 1408 1067 1442 nisi
1094 1408 1280 1442 Caesarem.
1310 1406 1428 1451 Dicet,
1450 1407 1616 1454 inquam,
1651 1410 1728 1445 Rex
1756 1421 1765 1446 t

996 1456 1135 1494 Venite,
1163 1454 1341 1490 benedicti
1363 1457 1486 1491 Patris
1517 1458 1599 1497 mei,
1618 1456 1653 1491 id
1667 1459 1724 1492 est
1746 1468 1768 1493 a

994 1502 1103 1553 Patre
1115 1511 1211 1544 meo,
1226 1501 1287 1547 qui
1302 1512 1323 1537 a
1336 1502 1446 1537 Patre
1464 1502 1768 1540 benedictionem

993 1551 1123 1593 gratia}
1151 1547 1367 1593 accepistis;
1391 1548 1478 1594 quia
1498 1560 1574 1585 non
1603 1549 1675 1585 nisi
1702 1552 1768 1587 be·

992 1593 1131 1630 nedicti
1162 1594 1282 1640 primo
1316 1606 1384 1641 per
1412 1595 1570 1641 gratiam
1599 1600 1635 1632 ct
1655 1598 1767 1633 meri-

992 1645 1086 1683 tum,
1108 1644 1292 1677 vocantur
1308 1642 1355 1677 ad
1367 1642 1641 1679 beatitudinem
1662 1647 1768 1680 aeter-

992 1699 1079 1723 narn
1100 1691 1136 1723 et
1158 1688 1374 1733 praemium:
1393 1700 1468 1725 non
1481 1689 1545 1725 dat
1557 1690 1656 1726 enim
1674 1692 1768 1727 Deus

993 1745 1133 1787 pacem·
1149 1735 1385 1779 aeternitatis,
1403 1735 1475 1771 nisi
1504 1747 1617 1782 supra
1638 1748 1767 1783 pacem

993 1785 1155 1827 pectoris
1179 1793 1188 1825 ;
1228 1783 1299 1826 vel,
1334 1784 1539 1819 secundum
1564 1784 1767 1828 Rabanum,

994 1829 1168 1864 dicuntur
1186 1829 1389 1874 benedicti,
1418 1830 1552 1875 quibus
1572 1841 1639 1876 pro
1659 1832 1768 1869 bonis

995 1875 1138 1911 meritis
1169 1876 1327 1912 debetur
1353 1880 1494 1913 aeterna
1518 1878 1731 1915 benedictio
1757 1891 1766 1915 z

994 1923 1189 1963 Possidete,
1209 1927 1245 1958 ct
1261 1924 1489 1960 {eternaliter
1505 1928 1644 1969 tenete,
1658 1937 1769 1971 para-

994 1970 1177 2004 tamt-obis
1185 1981 1335 2014 reanum
1347 1973 1541 2015 coelorum,
1551 1972 1673 2008 locum
1684 1974 1770 2009 San-

994 2020 1152 2060 ctorum,
1170 2028 1191 2051 α
1205 2019 1458 2053 constitutione
1473 2019 1613 2054 mundi.
1632 2020 1700 2055 Ubi
1717 2020 1769 2056 di-

994 2063 1044 2097 cit
1064 2064 1335 2107 Chrysostomus
1355 2077 1366 2099 .·
1391 2078 1408 2097 «
1429 2066 1640 2111 Antequam
1667 2066 1768 2103 enim

994 2121 1059 2145 vos
1080 2110 1342 2154 nasceremini,
1356 2111 1427 2159 ait,
1450 2113 1529 2147 haec
1554 2112 1656 2149 vobis
1675 2124 1768 2159 prae-

993 2159 1125 2203 parata
1160 2162 1248 2192 sunt
1271 2162 1308 2193 et
1342 2162 1561 2204 praeaptata,
1583 2159 1672 2205 quia
1690 2160 1767 2196 vidi

993 2214 1058 2239 vos
1077 2205 1169 2239 tales
1191 2204 1347 2240 futuros.
1370 2218 1387 2239 »
1407 2207 1474 2241 Ubi
1496 2205 1608 2241 etiam
1628 2206 1681 2242 ait
1699 2209 1765 2243 Re-

992 2253 1126 2295 miyius
1156 2263 1167 2286 .·
1199 2265 1217 2284 «
1240 2253 1316 2287 Rex
1341 2262 1471 2298 regum
1499 2252 1581 2288 sine
1607 2253 1766 2299 strepitu

991 2299 1192 2334 verborum
1212 2298 1397 2343 loquetur,
1417 2299 1455 2334 id
1478 2304 1535 2335 est
1554 2300 1768 2337 manifesta-

992 2344 1046 2380 bit
1067 2344 1314 2380 conscientias
1348 2348 1384 2381 et
1407 2345 1541 2382 merita
1558 2374 1567 2389 ,
1592 2346 1766 2393 dicetque

992 2401 1059 2436 per
1088 2391 1325 2427 collationem
1352 2392 1482 2437 gloriae
1504 2404 1512 2428 ε
1533 2393 1677 2437 Venite,
1701 2396 1765 2430 be-

993 2437 1129 2473 neficio
1159 2437 1280 2474 Patris
1315 2438 1387 2474 mei
1422 2440 1583 2485 promoti
1605 2441 1653 2476 ad
1673 2440 1766 2477 obti-

993 2485 1158 2520 nendum
1199 2496 1354 2530 regnum
1396 2486 1503 2530 vitaz,
1528 2487 1767 2531 praedestina-

993 2536 1070 2568 tum
1092 2531 1198 2566 vobis
1223 2542 1245 2567 a
1271 2532 1536 2569 constitutione
1564 2534 1692 2571 mundi
1713 2546 1721 2570 ε
1743 2547 1762 2569 »

992 2579 1073 2614 haec
1094 2580 1292 2622 Remz'yz‘zw.
1315 2581 1408 2615 Ante
1431 2581 1561 2617 mundi
1582 2581 1764 2618 constitu-

992 2625 1134 2661 tionem
1154 2630 1324 2671 paratum
1340 2626 1421 2671 suit,
1442 2638 1509 2674 per
1523 2629 1764 2674 praedestina-

993 2672 1153 2716 tionem;
1183 2683 1205 2708 a
1230 2673 1495 2710 constitutione
1524 2675 1668 2720 mundi,
1694 2686 1763 2722 per

997 2718 1249 2772 creationem;
1271 2720 1318 2756 ab
1350 2721 1582 2767 ascensione,
1610 2733 1677 2769 per
1696 2732 1761 2769 ap-

993 2769 1230 2812 paritmnem.
1254 2767 1414 2804 Attende
1434 2769 1494 2805 hic
1509 2768 1762 2806 dulcissimam

994 2812 1250 2849 invitationem
1272 2814 1434 2859 Domini,
1455 2826 1538 2852 eum
1558 2815 1672 2852 dicit:
1694 2818 1761 2853 Ve-
