<?xml version="1.0" encoding="UTF-8"?>
<!DOCTYPE html PUBLIC "-//W3C//DTD XHTML 1.0 Transitional//EN"
    "http://www.w3.org/TR/xhtml1/DTD/xhtml1-transitional.dtd">
<html xmlns="http://www.w3.org/1999/xhtml" xml:lang="en" lang="en">
 <head>
  <title>
</title>
<meta http-equiv="Content-Type" content="text/html;charset=utf-8" />
  <meta name='ocr-system' content='tesseract 3.04.00' />
  <meta name='ocr-capabilities' content='ocr_page ocr_carea ocr_par ocr_line ocrx_word'/>
</head>
<body>
  <div class='ocr_page' id='page_1' title='image "./vitajesuchristie03ludouoft_0399.png"; bbox 0 0 1907 3139; ppageno 0'>
   <div class='ocr_carea' id='block_1_1' title="bbox 757 146 1141 181">
    <p class='ocr_par' dir='ltr' id='par_1_1' title="bbox 757 146 1141 181">
     <span class='ocr_line' id='line_1_1' title="bbox 757 146 1141 181; baseline -0.008 0"><span class='ocrx_word' id='word_1_1' title='bbox 757 148 805 181; x_wconf 81' lang='lat' dir='ltr'>ET</span> <span class='ocrx_word' id='word_1_2' title='bbox 844 146 1141 180; x_wconf 75' lang='lat' dir='ltr'>NUMERORUM.</span> 
     </span>
    </p>
   </div>
   <div class='ocr_carea' id='block_1_2' title="bbox 179 198 791 236">
    <p class='ocr_par' dir='ltr' id='par_1_2' title="bbox 179 198 791 236">
     <span class='ocr_line' id='line_1_2' title="bbox 179 198 791 236; baseline 0 -2"><span class='ocrx_word' id='word_1_3' title='bbox 179 198 321 235; x_wconf 81' lang='lat' dir='ltr'>entium</span> <span class='ocrx_word' id='word_1_4' title='bbox 333 199 460 236; x_wconf 87' lang='lat' dir='ltr'>omnia</span> <span class='ocrx_word' id='word_1_5' title='bbox 473 200 521 235; x_wconf 88' lang='lat' dir='ltr'>ad</span> <span class='ocrx_word' id='word_1_6' title='bbox 533 200 723 235; x_wconf 82' lang='lat' dir='ltr'>Christum</span> <span class='ocrx_word' id='word_1_7' title='bbox 738 210 791 234; x_wconf 87' lang='lat' dir='ltr'>se-</span> 
     </span>
    </p>
   </div>
   <div class='ocr_carea' id='block_1_3' title="bbox 1003 196 1642 242">
    <p class='ocr_par' dir='ltr' id='par_1_3' title="bbox 1003 196 1642 242">
     <span class='ocr_line' id='line_1_3' title="bbox 1003 196 1642 242; baseline -0.005 -9"><span class='ocrx_word' id='word_1_8' title='bbox 1003 201 1024 233; x_wconf 87' lang='grc'>6</span> <span class='ocrx_word' id='word_1_9' title='bbox 1054 198 1219 233; x_wconf 84' lang='lat' dir='ltr'>Tertium</span> <span class='ocrx_word' id='word_1_10' title='bbox 1250 196 1450 242; x_wconf 55' lang='lat' dir='ltr'>praemium</span> <span class='ocrx_word' id='word_1_11' title='bbox 1487 206 1494 231; x_wconf 90' lang='lat'>:</span> <span class='ocrx_word' id='word_1_12' title='bbox 1531 197 1642 230; x_wconf 81' lang='lat' dir='ltr'>vitam</span> 
     </span>
    </p>
   </div>
   <div class='ocr_carea' id='block_1_4' title="bbox 1707 142 1764 174">
    <p class='ocr_par' dir='ltr' id='par_1_4' title="bbox 1707 142 1764 174">
     <span class='ocr_line' id='line_1_4' title="bbox 1707 142 1764 174; baseline 0 0"><span class='ocrx_word' id='word_1_13' title='bbox 1707 142 1764 174; x_wconf 73' lang='lat'>373</span> 
     </span>
    </p>
   </div>
   <div class='ocr_carea' id='block_1_5' title="bbox 127 243 1776 2790">
    <p class='ocr_par' dir='ltr' id='par_1_5' title="bbox 180 243 1762 292">
     <span class='ocr_line' id='line_1_5' title="bbox 180 243 1762 292; baseline -0.003 -11"><span class='ocrx_word' id='word_1_14' title='bbox 180 247 369 291; x_wconf 84' lang='lat' dir='ltr'>quendum</span> <span class='ocrx_word' id='word_1_15' title='bbox 383 259 391 283; x_wconf 78' lang='lat' dir='ltr'>t</span> <span class='ocrx_word' id='word_1_16' title='bbox 405 257 488 282; x_wconf 87' lang='lat' dir='ltr'>cum</span> <span class='ocrx_word' id='word_1_17' title='bbox 501 257 544 282; x_wconf 89' lang='lat' dir='ltr'>eo</span> <span class='ocrx_word' id='word_1_18' title='bbox 552 245 788 292; x_wconf 85' lang='lat' dir='ltr'>judicabunt.</span> <span class='ocrx_word' id='word_1_19' title='bbox 867 249 911 282; x_wconf 83' lang='lat'>88</span> <span class='ocrx_word' id='word_1_20' title='bbox 1032 248 1215 280; x_wconf 83' lang='lat' dir='ltr'>aeternam</span> <span class='ocrx_word' id='word_1_21' title='bbox 1237 243 1498 289; x_wconf 86' lang='lat' dir='ltr'>possidebunt.</span> <span class='ocrx_word' id='word_1_22' title='bbox 1719 257 1762 288; x_wconf 82' lang='lat'>90</span> 
     </span>
    </p>

    <p class='ocr_par' dir='ltr' id='par_1_6' title="bbox 156 290 1761 388">
     <span class='ocr_line' id='line_1_6' title="bbox 156 290 1640 340; baseline -0.001 -13"><span class='ocrx_word' id='word_1_23' title='bbox 156 297 174 326; x_wconf 77' lang='grc' dir='ltr'>ἴ)</span> <span class='ocrx_word' id='word_1_24' title='bbox 195 294 403 330; x_wconf 87' lang='lat' dir='ltr'>Secundum</span> <span class='ocrx_word' id='word_1_25' title='bbox 422 294 619 340; x_wconf 84' lang='lat' dir='ltr'>praemium</span> <span class='ocrx_word' id='word_1_26' title='bbox 642 297 792 330; x_wconf 87' lang='lat' dir='ltr'>:centu-</span> <span class='ocrx_word' id='word_1_27' title='bbox 917 315 921 318; x_wconf 88' lang='lat'><em>-</em></span> <span class='ocrx_word' id='word_1_28' title='bbox 985 309 1003 340; x_wconf 82' lang='lat'>7</span> <span class='ocrx_word' id='word_1_29' title='bbox 1033 293 1151 336; x_wconf 83' lang='lat' dir='ltr'>Quam</span> <span class='ocrx_word' id='word_1_30' title='bbox 1190 290 1294 326; x_wconf 88' lang='lat' dir='ltr'>utilis</span> <span class='ocrx_word' id='word_1_31' title='bbox 1328 291 1444 335; x_wconf 82' lang='lat' dir='ltr'>liuJ&#39;us</span> <span class='ocrx_word' id='word_1_32' title='bbox 1472 290 1640 325; x_wconf 76' lang='lat' dir='ltr'>retribu-</span> 
     </span>
     <span class='ocr_line' id='line_1_7' title="bbox 177 337 1761 388; baseline -0.003 -12"><span class='ocrx_word' id='word_1_33' title='bbox 177 339 280 386; x_wconf 89' lang='lat' dir='ltr'>plum</span> <span class='ocrx_word' id='word_1_34' title='bbox 301 341 499 388; x_wconf 79' lang='lat' dir='ltr'>accipient.</span> <span class='ocrx_word' id='word_1_35' title='bbox 866 345 910 388; x_wconf 78' lang='grc'>89</span> <span class='ocrx_word' id='word_1_36' title='bbox 1032 339 1146 376; x_wconf 88' lang='lat' dir='ltr'>tionis</span> <span class='ocrx_word' id='word_1_37' title='bbox 1161 337 1429 374; x_wconf 75' lang='lat' dir='ltr'>consideratio.</span> <span class='ocrx_word' id='word_1_38' title='bbox 1723 350 1761 382; x_wconf 72' lang='lat'>9¹</span> 
     </span>
    </p>

    <p class='ocr_par' dir='ltr' id='par_1_7' title="bbox 582 466 1316 504">
     <span class='ocr_line' id='line_1_8' title="bbox 582 466 1316 504; baseline -0.003 -3"><span class='ocrx_word' id='word_1_39' title='bbox 582 468 733 504; x_wconf 70' lang='lat' dir='ltr'><strong>CAPUT</strong></span> <span class='ocrx_word' id='word_1_40' title='bbox 754 469 844 504; x_wconf 79' lang='lat' dir='ltr'>XIV.</span> <span class='ocrx_word' id='word_1_41' title='bbox 866 489 910 493; x_wconf 90' lang='lat'>—</span> <span class='ocrx_word' id='word_1_42' title='bbox 929 470 980 503; x_wconf 76' lang='lat' dir='ltr'>De</span> <span class='ocrx_word' id='word_1_43' title='bbox 997 467 1149 502; x_wconf 68' lang='lat' dir='ltr'>denario</span> <span class='ocrx_word' id='word_1_44' title='bbox 1167 466 1316 501; x_wconf 70' lang='lat' dir='ltr'>diurno.</span> 
     </span>
    </p>

    <p class='ocr_par' dir='ltr' id='par_1_8' title="bbox 154 568 1767 1049">
     <span class='ocr_line' id='line_1_9' title="bbox 158 568 1647 617; baseline -0.003 -9"><span class='ocrx_word' id='word_1_45' title='bbox 158 587 170 608; x_wconf 86' lang='lat'>1</span> <span class='ocrx_word' id='word_1_46' title='bbox 192 573 385 616; x_wconf 84' lang='lat' dir='ltr'>Quomodo</span> <span class='ocrx_word' id='word_1_47' title='bbox 426 574 535 617; x_wconf 86' lang='lat' dir='ltr'>primi</span> <span class='ocrx_word' id='word_1_48' title='bbox 576 577 685 611; x_wconf 81' lang='lat' dir='ltr'>erunt</span> <span class='ocrx_word' id='word_1_49' title='bbox 729 586 795 610; x_wconf 89' lang='lat' dir='ltr'>no·</span> <span class='ocrx_word' id='word_1_50' title='bbox 1004 579 1022 608; x_wconf 69' lang='grc'><strong>5</strong></span> <span class='ocrx_word' id='word_1_51' title='bbox 1046 573 1238 608; x_wconf 78' lang='lat' dir='ltr'>Moraliter</span> <span class='ocrx_word' id='word_1_52' title='bbox 1280 572 1384 607; x_wconf 65' lang='lat' dir='ltr'>horae</span> <span class='ocrx_word' id='word_1_53' title='bbox 1435 568 1509 605; x_wconf 91' lang='lat' dir='ltr'>diei</span> <span class='ocrx_word' id='word_1_54' title='bbox 1565 573 1647 604; x_wconf 72' lang='lat' dir='ltr'>sunt</span> 
     </span>
     <span class='ocr_line' id='line_1_10' title="bbox 178 617 1764 669; baseline -0.003 -14"><span class='ocrx_word' id='word_1_55' title='bbox 178 620 322 656; x_wconf 83' lang='lat' dir='ltr'>vissimi</span> <span class='ocrx_word' id='word_1_56' title='bbox 344 625 381 657; x_wconf 85' lang='lat' dir='ltr'>et</span> <span class='ocrx_word' id='word_1_57' title='bbox 401 621 580 658; x_wconf 84' lang='lat' dir='ltr'>vicissim.</span> <span class='ocrx_word' id='word_1_58' title='bbox 868 636 910 669; x_wconf 71' lang='lat'>92</span> <span class='ocrx_word' id='word_1_59' title='bbox 1027 619 1185 655; x_wconf 76' lang='lat' dir='ltr'>diversae</span> <span class='ocrx_word' id='word_1_60' title='bbox 1204 617 1371 655; x_wconf 87' lang='lat' dir='ltr'>hominis</span> <span class='ocrx_word' id='word_1_61' title='bbox 1393 620 1542 653; x_wconf 84' lang='lat' dir='ltr'>aetates.</span> <span class='ocrx_word' id='word_1_62' title='bbox 1724 619 1764 663; x_wconf 70' lang='grc'>94</span> 
     </span>
     <span class='ocr_line' id='line_1_11' title="bbox 157 664 1645 714; baseline -0.003 -11"><span class='ocrx_word' id='word_1_63' title='bbox 157 681 174 703; x_wconf 85' lang='lat'><strong>2</strong></span> <span class='ocrx_word' id='word_1_64' title='bbox 198 669 383 704; x_wconf 88' lang='lat' dir='ltr'>Parabola</span> <span class='ocrx_word' id='word_1_65' title='bbox 411 669 557 705; x_wconf 85' lang='lat' dir='ltr'>denarii</span> <span class='ocrx_word' id='word_1_66' title='bbox 585 669 726 714; x_wconf 86' lang='lat' dir='ltr'>diurni,</span> <span class='ocrx_word' id='word_1_67' title='bbox 755 670 793 704; x_wconf 92' lang='lat' dir='ltr'>in</span> <span class='ocrx_word' id='word_1_68' title='bbox 1004 673 1024 704; x_wconf 84' lang='grc'>6</span> <span class='ocrx_word' id='word_1_69' title='bbox 1044 667 1228 703; x_wconf 82' lang='lat' dir='ltr'>Mercedis</span> <span class='ocrx_word' id='word_1_70' title='bbox 1270 664 1469 702; x_wconf 72' lang='lat' dir='ltr'>retributio</span> <span class='ocrx_word' id='word_1_71' title='bbox 1514 674 1645 710; x_wconf 84' lang='lat' dir='ltr'>opera-</span> 
     </span>
     <span class='ocr_line' id='line_1_12' title="bbox 178 715 1765 765; baseline -0.001 -15"><span class='ocrx_word' id='word_1_72' title='bbox 178 725 252 760; x_wconf 87' lang='lat' dir='ltr'>qua</span> <span class='ocrx_word' id='word_1_73' title='bbox 279 726 341 751; x_wconf 84' lang='lat' dir='ltr'>sex</span> <span class='ocrx_word' id='word_1_74' title='bbox 361 716 655 753; x_wconf 87' lang='lat' dir='ltr'>consideranda.</span> <span class='ocrx_word' id='word_1_75' title='bbox 868 732 910 765; x_wconf 79' lang='lat'>92</span> <span class='ocrx_word' id='word_1_76' title='bbox 1026 715 1093 750; x_wconf 87' lang='lat' dir='ltr'>riis</span> <span class='ocrx_word' id='word_1_77' title='bbox 1112 726 1197 750; x_wconf 85' lang='lat' dir='ltr'>sero</span> <span class='ocrx_word' id='word_1_78' title='bbox 1219 715 1331 750; x_wconf 82' lang='lat' dir='ltr'>sacta.</span> <span class='ocrx_word' id='word_1_79' title='bbox 1721 715 1765 757; x_wconf 73' lang='lat'>94</span> 
     </span>
     <span class='ocr_line' id='line_1_13' title="bbox 154 758 1644 810; baseline -0.002 -14"><span class='ocrx_word' id='word_1_80' title='bbox 154 764 174 796; x_wconf 81' lang='lat'>5</span> <span class='ocrx_word' id='word_1_81' title='bbox 196 763 322 798; x_wconf 88' lang='lat' dir='ltr'>Prima</span> <span class='ocrx_word' id='word_1_82' title='bbox 362 764 526 810; x_wconf 74' lang='lat' dir='ltr'>egressio</span> <span class='ocrx_word' id='word_1_83' title='bbox 565 763 793 810; x_wconf 83' lang='lat' dir='ltr'>patrisfami-</span> <span class='ocrx_word' id='word_1_84' title='bbox 1004 780 1022 810; x_wconf 86' lang='lat'>7</span> <span class='ocrx_word' id='word_1_85' title='bbox 1046 761 1292 798; x_wconf 86' lang='lat' dir='ltr'>Murmuratio</span> <span class='ocrx_word' id='word_1_86' title='bbox 1306 758 1568 807; x_wconf 88' lang='lat' dir='ltr'>operariorum</span> <span class='ocrx_word' id='word_1_87' title='bbox 1582 759 1644 805; x_wconf 86' lang='lat' dir='ltr'>qui</span> 
     </span>
     <span class='ocr_line' id='line_1_14' title="bbox 179 809 1764 858; baseline -0.003 -14"><span class='ocrx_word' id='word_1_88' title='bbox 179 809 247 845; x_wconf 84' lang='lat' dir='ltr'>lias</span> <span class='ocrx_word' id='word_1_89' title='bbox 268 814 304 846; x_wconf 88' lang='lat' dir='ltr'>et</span> <span class='ocrx_word' id='word_1_90' title='bbox 325 822 411 847; x_wconf 88' lang='lat' dir='ltr'>cum</span> <span class='ocrx_word' id='word_1_91' title='bbox 433 812 616 858; x_wconf 84' lang='lat' dir='ltr'>operariis</span> <span class='ocrx_word' id='word_1_92' title='bbox 638 822 794 847; x_wconf 83' lang='lat' dir='ltr'>conven-</span> <span class='ocrx_word' id='word_1_93' title='bbox 1026 809 1138 856; x_wconf 88' lang='lat' dir='ltr'>primi</span> <span class='ocrx_word' id='word_1_94' title='bbox 1158 809 1280 845; x_wconf 85' lang='lat' dir='ltr'>vocati</span> <span class='ocrx_word' id='word_1_95' title='bbox 1300 809 1461 844; x_wconf 83' lang='lat' dir='ltr'>fuerant.</span> <span class='ocrx_word' id='word_1_96' title='bbox 1721 810 1764 852; x_wconf 72' lang='lat'>95</span> 
     </span>
     <span class='ocr_line' id='line_1_15' title="bbox 180 854 1646 906; baseline -0.003 -14"><span class='ocrx_word' id='word_1_97' title='bbox 180 856 229 893; x_wconf 92' lang='lat' dir='ltr'>tio</span> <span class='ocrx_word' id='word_1_98' title='bbox 251 857 398 894; x_wconf 89' lang='lat' dir='ltr'>denarii</span> <span class='ocrx_word' id='word_1_99' title='bbox 419 859 558 896; x_wconf 89' lang='lat' dir='ltr'>diurni.</span> <span class='ocrx_word' id='word_1_100' title='bbox 868 873 911 906; x_wconf 76' lang='lat'>92</span> <span class='ocrx_word' id='word_1_101' title='bbox 1007 861 1027 893; x_wconf 85' lang='lat'>8</span> <span class='ocrx_word' id='word_1_102' title='bbox 1050 857 1259 903; x_wconf 80' lang='lat' dir='ltr'>Responsio</span> <span class='ocrx_word' id='word_1_103' title='bbox 1293 854 1578 902; x_wconf 77' lang='lat' dir='ltr'>patrisfamilias</span> <span class='ocrx_word' id='word_1_104' title='bbox 1611 857 1646 888; x_wconf 82' lang='lat' dir='ltr'>et</span> 
     </span>
     <span class='ocr_line' id='line_1_16' title="bbox 154 904 1765 957; baseline -0.002 -17"><span class='ocrx_word' id='word_1_105' title='bbox 154 908 175 947; x_wconf 74' lang='grc'>4</span> <span class='ocrx_word' id='word_1_106' title='bbox 198 904 288 957; x_wconf 58' lang='lat' dir='ltr'>Aliae</span> <span class='ocrx_word' id='word_1_107' title='bbox 334 906 618 952; x_wconf 82' lang='lat' dir='ltr'>patrisfamilias</span> <span class='ocrx_word' id='word_1_108' title='bbox 665 918 791 953; x_wconf 81' lang='lat' dir='ltr'>egres·</span> <span class='ocrx_word' id='word_1_109' title='bbox 1028 904 1219 941; x_wconf 83' lang='lat' dir='ltr'>conclusio</span> <span class='ocrx_word' id='word_1_110' title='bbox 1238 904 1444 950; x_wconf 75' lang='lat' dir='ltr'>parabolae.</span> <span class='ocrx_word' id='word_1_111' title='bbox 1574 948 1580 954; x_wconf 33' lang='grc' dir='ltr'>Ι</span> <span class='ocrx_word' id='word_1_112' title='bbox 1721 904 1765 947; x_wconf 83' lang='grc'>96</span> 
     </span>
     <span class='ocr_line' id='line_1_17' title="bbox 179 949 1646 1000; baseline -0.002 -13"><span class='ocrx_word' id='word_1_113' title='bbox 179 962 457 1000; x_wconf 78' lang='lat' dir='ltr'>siones,i1sque</span> <span class='ocrx_word' id='word_1_114' title='bbox 488 956 535 991; x_wconf 88' lang='lat' dir='ltr'>ad</span> <span class='ocrx_word' id='word_1_115' title='bbox 566 957 699 991; x_wconf 86' lang='lat' dir='ltr'>horam</span> <span class='ocrx_word' id='word_1_116' title='bbox 728 965 794 990; x_wconf 88' lang='lat' dir='ltr'>un-</span> <span class='ocrx_word' id='word_1_117' title='bbox 1004 969 1024 1000; x_wconf 82' lang='lat'>9</span> <span class='ocrx_word' id='word_1_118' title='bbox 1057 953 1170 988; x_wconf 89' lang='lat' dir='ltr'>Pauci</span> <span class='ocrx_word' id='word_1_119' title='bbox 1209 950 1378 987; x_wconf 88' lang='lat' dir='ltr'>salvandi</span> <span class='ocrx_word' id='word_1_120' title='bbox 1417 953 1523 994; x_wconf 85' lang='lat' dir='ltr'>sunt,</span> <span class='ocrx_word' id='word_1_121' title='bbox 1560 949 1646 985; x_wconf 85' lang='lat' dir='ltr'>licet</span> 
     </span>
     <span class='ocr_line' id='line_1_18' title="bbox 179 997 1767 1049; baseline -0.004 -14"><span class='ocrx_word' id='word_1_122' title='bbox 179 999 378 1037; x_wconf 84' lang='lat' dir='ltr'>decimam.</span> <span class='ocrx_word' id='word_1_123' title='bbox 866 1005 912 1049; x_wconf 77' lang='lat'>95</span> <span class='ocrx_word' id='word_1_124' title='bbox 945 1016 949 1034; x_wconf 81' lang='grc' dir='ltr'><strong>ι</strong></span> <span class='ocrx_word' id='word_1_125' title='bbox 1027 999 1134 1036; x_wconf 87' lang='lat' dir='ltr'>multi</span> <span class='ocrx_word' id='word_1_126' title='bbox 1156 1000 1229 1035; x_wconf 87' lang='lat' dir='ltr'>sint</span> <span class='ocrx_word' id='word_1_127' title='bbox 1250 997 1387 1035; x_wconf 86' lang='lat' dir='ltr'>vocati.</span> <span class='ocrx_word' id='word_1_128' title='bbox 1723 998 1767 1042; x_wconf 83' lang='grc'>96</span> 
     </span>
    </p>

    <p class='ocr_par' dir='ltr' id='par_1_9' title="bbox 556 1120 1333 1165">
     <span class='ocr_line' id='line_1_19' title="bbox 556 1120 1333 1165; baseline -0.005 -7"><span class='ocrx_word' id='word_1_129' title='bbox 556 1123 707 1159; x_wconf 87' lang='lat' dir='ltr'><strong>CAPUT</strong></span> <span class='ocrx_word' id='word_1_130' title='bbox 726 1123 801 1158; x_wconf 85' lang='lat' dir='ltr'>XV.</span> <span class='ocrx_word' id='word_1_131' title='bbox 830 1143 874 1148; x_wconf 91' lang='lat'>—</span> <span class='ocrx_word' id='word_1_132' title='bbox 894 1124 943 1157; x_wconf 81' lang='lat' dir='ltr'>De</span> <span class='ocrx_word' id='word_1_133' title='bbox 962 1122 1085 1157; x_wconf 74' lang='lat' dir='ltr'>villico</span> <span class='ocrx_word' id='word_1_134' title='bbox 1107 1120 1333 1165; x_wconf 67' lang='lat' dir='ltr'>iniquitatis.</span> 
     </span>
    </p>

    <p class='ocr_par' dir='ltr' id='par_1_10' title="bbox 157 1224 1765 1516">
     <span class='ocr_line' id='line_1_20' title="bbox 160 1224 1653 1276; baseline -0.003 -12"><span class='ocrx_word' id='word_1_135' title='bbox 160 1244 169 1265; x_wconf 90' lang='grc' dir='ltr'>ι</span> <span class='ocrx_word' id='word_1_136' title='bbox 198 1228 352 1265; x_wconf 88' lang='lat' dir='ltr'>Villicus</span> <span class='ocrx_word' id='word_1_137' title='bbox 384 1230 469 1276; x_wconf 80' lang='lat' dir='ltr'>quis</span> <span class='ocrx_word' id='word_1_138' title='bbox 494 1229 645 1273; x_wconf 87' lang='lat' dir='ltr'>dicitur,</span> <span class='ocrx_word' id='word_1_139' title='bbox 676 1232 713 1266; x_wconf 86' lang='lat' dir='ltr'>et</span> <span class='ocrx_word' id='word_1_140' title='bbox 746 1230 792 1265; x_wconf 89' lang='lat' dir='ltr'>de</span> <span class='ocrx_word' id='word_1_141' title='bbox 1018 1231 1038 1264; x_wconf 90' lang='lat'>6</span> <span class='ocrx_word' id='word_1_142' title='bbox 1060 1229 1112 1264; x_wconf 87' lang='lat' dir='ltr'>De</span> <span class='ocrx_word' id='word_1_143' title='bbox 1143 1226 1281 1274; x_wconf 84' lang='lat' dir='ltr'>triplici</span> <span class='ocrx_word' id='word_1_144' title='bbox 1314 1224 1515 1273; x_wconf 81' lang='lat' dir='ltr'>sapientia,</span> <span class='ocrx_word' id='word_1_145' title='bbox 1537 1228 1574 1261; x_wconf 87' lang='lat' dir='ltr'>et</span> <span class='ocrx_word' id='word_1_146' title='bbox 1608 1224 1653 1260; x_wconf 91' lang='lat' dir='ltr'>si-</span> 
     </span>
     <span class='ocr_line' id='line_1_21' title="bbox 178 1271 1652 1323; baseline -0.003 -12"><span class='ocrx_word' id='word_1_147' title='bbox 178 1276 315 1323; x_wconf 87' lang='lat' dir='ltr'>triplici</span> <span class='ocrx_word' id='word_1_148' title='bbox 338 1277 426 1313; x_wconf 83' lang='lat' dir='ltr'>villa</span> <span class='ocrx_word' id='word_1_149' title='bbox 450 1277 560 1314; x_wconf 84' lang='lat' dir='ltr'>nohis</span> <span class='ocrx_word' id='word_1_150' title='bbox 586 1288 608 1314; x_wconf 85' lang='lat' dir='ltr'>a</span> <span class='ocrx_word' id='word_1_151' title='bbox 634 1278 792 1314; x_wconf 89' lang='lat' dir='ltr'>Domino</span> <span class='ocrx_word' id='word_1_152' title='bbox 1038 1275 1121 1322; x_wconf 88' lang='lat' dir='ltr'>gnis</span> <span class='ocrx_word' id='word_1_153' title='bbox 1157 1276 1205 1311; x_wconf 87' lang='lat' dir='ltr'>ad</span> <span class='ocrx_word' id='word_1_154' title='bbox 1238 1273 1518 1321; x_wconf 78' lang='lat' dir='ltr'>dignoscendos</span> <span class='ocrx_word' id='word_1_155' title='bbox 1553 1271 1652 1307; x_wconf 80' lang='lat' dir='ltr'>filios</span> 
     </span>
     <span class='ocr_line' id='line_1_22' title="bbox 176 1320 1765 1372; baseline -0.003 -13"><span class='ocrx_word' id='word_1_156' title='bbox 176 1323 391 1361; x_wconf 88' lang='lat' dir='ltr'>commissa.</span> <span class='ocrx_word' id='word_1_157' title='bbox 866 1328 910 1372; x_wconf 88' lang='grc'>98</span> <span class='ocrx_word' id='word_1_158' title='bbox 1038 1322 1168 1366; x_wconf 78' lang='lat' dir='ltr'>seculi,</span> <span class='ocrx_word' id='word_1_159' title='bbox 1191 1322 1363 1368; x_wconf 80' lang='lat' dir='ltr'>filiosque</span> <span class='ocrx_word' id='word_1_160' title='bbox 1384 1320 1489 1357; x_wconf 86' lang='lat' dir='ltr'>lucis.</span> <span class='ocrx_word' id='word_1_161' title='bbox 1707 1335 1765 1355; x_wconf 84' lang='lat'>101</span> 
     </span>
     <span class='ocr_line' id='line_1_23' title="bbox 157 1366 1651 1418; baseline -0.003 -12"><span class='ocrx_word' id='word_1_162' title='bbox 157 1385 173 1405; x_wconf 74' lang='lat'><strong>2</strong></span> <span class='ocrx_word' id='word_1_163' title='bbox 199 1371 286 1408; x_wconf 88' lang='lat' dir='ltr'>Tria</span> <span class='ocrx_word' id='word_1_164' title='bbox 326 1373 442 1409; x_wconf 85' lang='lat' dir='ltr'>verba</span> <span class='ocrx_word' id='word_1_165' title='bbox 488 1373 626 1410; x_wconf 81' lang='lat' dir='ltr'>Christi</span> <span class='ocrx_word' id='word_1_166' title='bbox 674 1373 789 1409; x_wconf 85' lang='lat' dir='ltr'>ratio-</span> <span class='ocrx_word' id='word_1_167' title='bbox 1013 1386 1032 1418; x_wconf 89' lang='lat'><em>7</em></span> <span class='ocrx_word' id='word_1_168' title='bbox 1056 1370 1202 1407; x_wconf 85' lang='lat' dir='ltr'>Divitiae</span> <span class='ocrx_word' id='word_1_169' title='bbox 1234 1381 1300 1406; x_wconf 91' lang='lat' dir='ltr'>cur</span> <span class='ocrx_word' id='word_1_170' title='bbox 1329 1378 1545 1405; x_wconf 86' lang='lat' dir='ltr'>mammona</span> <span class='ocrx_word' id='word_1_171' title='bbox 1581 1366 1651 1403; x_wconf 91' lang='lat' dir='ltr'>ini-</span> 
     </span>
     <span class='ocr_line' id='line_1_24' title="bbox 180 1417 1765 1467; baseline -0.003 -13"><span class='ocrx_word' id='word_1_172' title='bbox 180 1429 265 1455; x_wconf 90' lang='lat' dir='ltr'>nem</span> <span class='ocrx_word' id='word_1_173' title='bbox 293 1421 457 1466; x_wconf 85' lang='lat' dir='ltr'>petentis</span> <span class='ocrx_word' id='word_1_174' title='bbox 480 1421 588 1457; x_wconf 78' lang='lat' dir='ltr'>valde</span> <span class='ocrx_word' id='word_1_175' title='bbox 620 1425 657 1457; x_wconf 87' lang='lat' dir='ltr'>et</span> <span class='ocrx_word' id='word_1_176' title='bbox 691 1432 788 1467; x_wconf 78' lang='lat' dir='ltr'>saepe</span> <span class='ocrx_word' id='word_1_177' title='bbox 1037 1418 1191 1464; x_wconf 82' lang='lat' dir='ltr'>quitatis</span> <span class='ocrx_word' id='word_1_178' title='bbox 1214 1417 1413 1453; x_wconf 77' lang='lat' dir='ltr'>dicantur?</span> <span class='ocrx_word' id='word_1_179' title='bbox 1705 1429 1765 1450; x_wconf 74' lang='lat'>102</span> 
     </span>
     <span class='ocr_line' id='line_1_25' title="bbox 177 1463 1650 1516; baseline -0.002 -14"><span class='ocrx_word' id='word_1_180' title='bbox 177 1469 386 1513; x_wconf 86' lang='lat' dir='ltr'>pensanda.</span> <span class='ocrx_word' id='word_1_181' title='bbox 864 1472 909 1516; x_wconf 83' lang='grc'>98</span> <span class='ocrx_word' id='word_1_182' title='bbox 1012 1468 1032 1501; x_wconf 86' lang='grc'>8</span> <span class='ocrx_word' id='word_1_183' title='bbox 1051 1468 1285 1509; x_wconf 70' lang='lat' dir='ltr'>Praeceptum</span> <span class='ocrx_word' id='word_1_184' title='bbox 1306 1464 1557 1510; x_wconf 85' lang='lat' dir='ltr'>meritumque</span> <span class='ocrx_word' id='word_1_185' title='bbox 1579 1463 1650 1499; x_wconf 88' lang='lat' dir='ltr'>ele-</span> 
     </span>
    </p>

    <p class='ocr_par' dir='ltr' id='par_1_11' title="bbox 154 1512 1768 1659">
     <span class='ocr_line' id='line_1_26' title="bbox 154 1512 1768 1559; baseline -0.002 -11"><span class='ocrx_word' id='word_1_186' title='bbox 154 1516 174 1547; x_wconf 80' lang='lat'>3</span> <span class='ocrx_word' id='word_1_187' title='bbox 196 1514 371 1551; x_wconf 87' lang='lat' dir='ltr'>Anxietas</span> <span class='ocrx_word' id='word_1_188' title='bbox 404 1515 517 1551; x_wconf 87' lang='lat' dir='ltr'>villici</span> <span class='ocrx_word' id='word_1_189' title='bbox 554 1516 684 1551; x_wconf 81' lang='lat' dir='ltr'>fodere</span> <span class='ocrx_word' id='word_1_190' title='bbox 723 1527 789 1551; x_wconf 90' lang='lat' dir='ltr'>ne—</span> <span class='ocrx_word' id='word_1_191' title='bbox 1033 1523 1238 1559; x_wconf 81' lang='lat' dir='ltr'>emosynae.</span> <span class='ocrx_word' id='word_1_192' title='bbox 1705 1512 1768 1545; x_wconf 81' lang='lat'>103</span> 
     </span>
     <span class='ocr_line' id='line_1_27' title="bbox 178 1557 1647 1606; baseline -0.003 -9"><span class='ocrx_word' id='word_1_193' title='bbox 178 1561 330 1598; x_wconf 88' lang='lat' dir='ltr'>scientis</span> <span class='ocrx_word' id='word_1_194' title='bbox 369 1566 405 1599; x_wconf 88' lang='lat' dir='ltr'>et</span> <span class='ocrx_word' id='word_1_195' title='bbox 446 1563 664 1600; x_wconf 88' lang='lat' dir='ltr'>mendicare</span> <span class='ocrx_word' id='word_1_196' title='bbox 702 1574 787 1599; x_wconf 88' lang='lat' dir='ltr'>eru·</span> <span class='ocrx_word' id='word_1_197' title='bbox 1011 1577 1030 1606; x_wconf 82' lang='grc'>9</span> <span class='ocrx_word' id='word_1_198' title='bbox 1052 1563 1132 1596; x_wconf 88' lang='lat' dir='ltr'>Non</span> <span class='ocrx_word' id='word_1_199' title='bbox 1189 1570 1318 1595; x_wconf 89' lang='lat' dir='ltr'>sumus</span> <span class='ocrx_word' id='word_1_200' title='bbox 1370 1558 1432 1594; x_wconf 89' lang='lat' dir='ltr'>hic</span> <span class='ocrx_word' id='word_1_201' title='bbox 1483 1557 1647 1602; x_wconf 89' lang='lat' dir='ltr'>domini,</span> 
     </span>
     <span class='ocr_line' id='line_1_28' title="bbox 178 1606 1647 1659; baseline -0.003 -14"><span class='ocrx_word' id='word_1_202' title='bbox 178 1609 377 1647; x_wconf 87' lang='lat' dir='ltr'>bescentis.</span> <span class='ocrx_word' id='word_1_203' title='bbox 865 1627 909 1659; x_wconf 78' lang='lat'>99</span> <span class='ocrx_word' id='word_1_204' title='bbox 1034 1609 1100 1644; x_wconf 78' lang='lat' dir='ltr'>sed</span> <span class='ocrx_word' id='word_1_205' title='bbox 1120 1607 1255 1651; x_wconf 78' lang='lat' dir='ltr'>villici3</span> <span class='ocrx_word' id='word_1_206' title='bbox 1278 1606 1395 1642; x_wconf 90' lang='lat' dir='ltr'>simus</span> <span class='ocrx_word' id='word_1_207' title='bbox 1426 1617 1516 1644; x_wconf 62' lang='lat' dir='ltr'>ers-*o</span> <span class='ocrx_word' id='word_1_208' title='bbox 1548 1616 1647 1642; x_wconf 89' lang='lat' dir='ltr'>sem-</span> 
     </span>
    </p>

    <p class='ocr_par' dir='ltr' id='par_1_12' title="bbox 154 1653 1770 1750">
     <span class='ocr_line' id='line_1_29' title="bbox 154 1653 1648 1704; baseline -0.002 -12"><span class='ocrx_word' id='word_1_209' title='bbox 154 1659 175 1699; x_wconf 70' lang='grc'>4</span> <span class='ocrx_word' id='word_1_210' title='bbox 203 1658 357 1693; x_wconf 79' lang='lat' dir='ltr'>Fructus</span> <span class='ocrx_word' id='word_1_211' title='bbox 392 1657 550 1704; x_wconf 75' lang='lat' dir='ltr'>triplicis</span> <span class='ocrx_word' id='word_1_212' title='bbox 590 1658 686 1694; x_wconf 80' lang='lat' dir='ltr'>villae</span> <span class='ocrx_word' id='word_1_213' title='bbox 722 1669 789 1693; x_wconf 89' lang='lat' dir='ltr'>no—</span> <span class='ocrx_word' id='word_1_214' title='bbox 1033 1666 1101 1702; x_wconf 92' lang='lat' dir='ltr'>per</span> <span class='ocrx_word' id='word_1_215' title='bbox 1121 1656 1168 1692; x_wconf 91' lang='lat' dir='ltr'>ad</span> <span class='ocrx_word' id='word_1_216' title='bbox 1199 1654 1387 1691; x_wconf 83' lang='lat' dir='ltr'>rationem</span> <span class='ocrx_word' id='word_1_217' title='bbox 1414 1653 1648 1690; x_wconf 86' lang='lat' dir='ltr'>reddendam</span> 
     </span>
     <span class='ocr_line' id='line_1_30' title="bbox 179 1702 1770 1750; baseline -0.003 -11"><span class='ocrx_word' id='word_1_218' title='bbox 179 1704 235 1739; x_wconf 88' lang='lat' dir='ltr'>bis</span> <span class='ocrx_word' id='word_1_219' title='bbox 250 1704 473 1743; x_wconf 70' lang='lat' dir='ltr'>commissae.</span> <span class='ocrx_word' id='word_1_220' title='bbox 846 1720 910 1741; x_wconf 85' lang='lat'>100</span> <span class='ocrx_word' id='word_1_221' title='bbox 1034 1703 1170 1750; x_wconf 76' lang='lat' dir='ltr'>parati.</span> <span class='ocrx_word' id='word_1_222' title='bbox 1711 1702 1770 1736; x_wconf 72' lang='grc' dir='ltr'><em>ιοῦ</em></span> 
     </span>
    </p>

    <p class='ocr_par' dir='ltr' id='par_1_13' title="bbox 154 1748 1770 1893">
     <span class='ocr_line' id='line_1_31' title="bbox 154 1748 1653 1799; baseline -0.001 -14"><span class='ocrx_word' id='word_1_223' title='bbox 154 1754 173 1785; x_wconf 85' lang='grc'>5</span> <span class='ocrx_word' id='word_1_224' title='bbox 198 1753 276 1796; x_wconf 88' lang='lat' dir='ltr'>Quo</span> <span class='ocrx_word' id='word_1_225' title='bbox 327 1764 440 1789; x_wconf 88' lang='lat' dir='ltr'>sensu</span> <span class='ocrx_word' id='word_1_226' title='bbox 484 1753 661 1789; x_wconf 88' lang='lat' dir='ltr'>laudatur</span> <span class='ocrx_word' id='word_1_227' title='bbox 707 1763 791 1799; x_wconf 88' lang='lat' dir='ltr'>pru·</span> <span class='ocrx_word' id='word_1_228' title='bbox 993 1765 1032 1787; x_wconf 84' lang='lat'>10</span> <span class='ocrx_word' id='word_1_229' title='bbox 1054 1751 1121 1794; x_wconf 84' lang='lat' dir='ltr'>Qui</span> <span class='ocrx_word' id='word_1_230' title='bbox 1158 1750 1195 1786; x_wconf 86' lang='lat' dir='ltr'>in</span> <span class='ocrx_word' id='word_1_231' title='bbox 1230 1750 1378 1786; x_wconf 83' lang='lat' dir='ltr'>modico</span> <span class='ocrx_word' id='word_1_232' title='bbox 1415 1760 1492 1785; x_wconf 90' lang='lat' dir='ltr'>non</span> <span class='ocrx_word' id='word_1_233' title='bbox 1524 1752 1581 1784; x_wconf 88' lang='lat' dir='ltr'>est</span> <span class='ocrx_word' id='word_1_234' title='bbox 1614 1748 1653 1783; x_wconf 82' lang='lat' dir='ltr'>fi-</span> 
     </span>
     <span class='ocr_line' id='line_1_32' title="bbox 173 1795 1651 1842; baseline -0.005 -4"><span class='ocrx_word' id='word_1_235' title='bbox 173 1799 305 1838; x_wconf 82' lang='lat' dir='ltr'>dentia</span> <span class='ocrx_word' id='word_1_236' title='bbox 330 1800 443 1836; x_wconf 88' lang='lat' dir='ltr'>villici</span> <span class='ocrx_word' id='word_1_237' title='bbox 465 1803 502 1836; x_wconf 90' lang='lat' dir='ltr'>et</span> <span class='ocrx_word' id='word_1_238' title='bbox 531 1799 698 1836; x_wconf 85' lang='lat' dir='ltr'>filiorum</span> <span class='ocrx_word' id='word_1_239' title='bbox 720 1801 790 1837; x_wconf 89' lang='lat' dir='ltr'>hu·</span> <span class='ocrx_word' id='word_1_240' title='bbox 1036 1798 1144 1842; x_wconf 84' lang='lat' dir='ltr'>deIis,</span> <span class='ocrx_word' id='word_1_241' title='bbox 1176 1809 1252 1833; x_wconf 91' lang='lat' dir='ltr'>non</span> <span class='ocrx_word' id='word_1_242' title='bbox 1286 1797 1397 1833; x_wconf 84' lang='lat' dir='ltr'>debet</span> <span class='ocrx_word' id='word_1_243' title='bbox 1439 1797 1474 1832; x_wconf 92' lang='lat' dir='ltr'>in</span> <span class='ocrx_word' id='word_1_244' title='bbox 1514 1795 1651 1842; x_wconf 80' lang='lat' dir='ltr'>praela-</span> 
     </span>
     <span class='ocr_line' id='line_1_33' title="bbox 170 1845 1770 1893; baseline -0.003 -10"><span class='ocrx_word' id='word_1_245' title='bbox 170 1847 234 1893; x_wconf 85' lang='lat' dir='ltr'>jus</span> <span class='ocrx_word' id='word_1_246' title='bbox 253 1847 381 1884; x_wconf 87' lang='lat' dir='ltr'>seculi.</span> <span class='ocrx_word' id='word_1_247' title='bbox 847 1862 910 1884; x_wconf 84' lang='grc' dir='ltr'>ιοο</span> <span class='ocrx_word' id='word_1_248' title='bbox 1037 1849 1162 1881; x_wconf 85' lang='lat' dir='ltr'>turam</span> <span class='ocrx_word' id='word_1_249' title='bbox 1184 1845 1285 1890; x_wconf 80' lang='lat' dir='ltr'>eligi.</span> <span class='ocrx_word' id='word_1_250' title='bbox 1707 1847 1770 1885; x_wconf 69' lang='lat'>104</span> 
     </span>
    </p>

    <p class='ocr_par' dir='ltr' id='par_1_14' title="bbox 127 1969 1772 2019">
     <span class='ocr_line' id='line_1_34' title="bbox 127 1969 1772 2019; baseline -0.003 -11"><span class='ocrx_word' id='word_1_251' title='bbox 127 1972 276 2009; x_wconf 86' lang='lat' dir='ltr'>CAPUT</span> <span class='ocrx_word' id='word_1_252' title='bbox 299 1974 391 2010; x_wconf 85' lang='lat' dir='ltr'>XVI.</span> <span class='ocrx_word' id='word_1_253' title='bbox 428 1994 472 2000; x_wconf 88' lang='lat'><em>-</em></span> <span class='ocrx_word' id='word_1_254' title='bbox 503 1976 553 2009; x_wconf 84' lang='lat' dir='ltr'>De</span> <span class='ocrx_word' id='word_1_255' title='bbox 573 1974 688 2008; x_wconf 76' lang='lat' dir='ltr'>divite</span> <span class='ocrx_word' id='word_1_256' title='bbox 708 1975 859 2019; x_wconf 82' lang='lat' dir='ltr'>epulone</span> <span class='ocrx_word' id='word_1_257' title='bbox 878 1976 911 2008; x_wconf 76' lang='lat' dir='ltr'>et</span> <span class='ocrx_word' id='word_1_258' title='bbox 930 1973 1069 2008; x_wconf 77' lang='lat' dir='ltr'>Lazaro</span> <span class='ocrx_word' id='word_1_259' title='bbox 1087 1970 1250 2007; x_wconf 72' lang='lat' dir='ltr'>mendico</span> <span class='ocrx_word' id='word_1_260' title='bbox 1272 1970 1322 2005; x_wconf 80' lang='lat' dir='ltr'>ad</span> <span class='ocrx_word' id='word_1_261' title='bbox 1337 1970 1496 2014; x_wconf 76' lang='lat' dir='ltr'>januam</span> <span class='ocrx_word' id='word_1_262' title='bbox 1515 1969 1594 2014; x_wconf 80' lang='lat' dir='ltr'>ejus</span> <span class='ocrx_word' id='word_1_263' title='bbox 1608 1969 1772 2013; x_wconf 76' lang='lat' dir='ltr'>jacente.</span> 
     </span>
    </p>

    <p class='ocr_par' dir='ltr' id='par_1_15' title="bbox 156 2076 1770 2174">
     <span class='ocr_line' id='line_1_35' title="bbox 156 2076 1649 2125; baseline -0.004 -8"><span class='ocrx_word' id='word_1_264' title='bbox 156 2096 166 2117; x_wconf 91' lang='lat'>1</span> <span class='ocrx_word' id='word_1_265' title='bbox 195 2080 471 2117; x_wconf 86' lang='lat' dir='ltr'>Promissiones</span> <span class='ocrx_word' id='word_1_266' title='bbox 494 2080 601 2125; x_wconf 85' lang='lat' dir='ltr'>Legis</span> <span class='ocrx_word' id='word_1_267' title='bbox 616 2084 653 2115; x_wconf 87' lang='lat' dir='ltr'>et</span> <span class='ocrx_word' id='word_1_268' title='bbox 674 2080 791 2115; x_wconf 88' lang='lat' dir='ltr'>Evan-</span> <span class='ocrx_word' id='word_1_269' title='bbox 1010 2081 1030 2114; x_wconf 88' lang='grc'>8</span> <span class='ocrx_word' id='word_1_270' title='bbox 1051 2080 1192 2115; x_wconf 85' lang='lat' dir='ltr'>Futura</span> <span class='ocrx_word' id='word_1_271' title='bbox 1212 2078 1406 2115; x_wconf 86' lang='lat' dir='ltr'>damnatio</span> <span class='ocrx_word' id='word_1_272' title='bbox 1429 2087 1562 2113; x_wconf 86' lang='lat' dir='ltr'>eorum</span> <span class='ocrx_word' id='word_1_273' title='bbox 1587 2076 1649 2123; x_wconf 85' lang='lat' dir='ltr'>qui</span> 
     </span>
     <span class='ocr_line' id='line_1_36' title="bbox 175 2125 1770 2174; baseline -0.002 -11"><span class='ocrx_word' id='word_1_274' title='bbox 175 2127 277 2174; x_wconf 80' lang='lat' dir='ltr'>gelli.</span> <span class='ocrx_word' id='word_1_275' title='bbox 844 2130 907 2162; x_wconf 69' lang='grc' dir='ltr'>ιώ</span> <span class='ocrx_word' id='word_1_276' title='bbox 1033 2125 1155 2162; x_wconf 85' lang='lat' dir='ltr'>aliena</span> <span class='ocrx_word' id='word_1_277' title='bbox 1176 2125 1374 2172; x_wconf 89' lang='lat' dir='ltr'>diripiunt.</span> <span class='ocrx_word' id='word_1_278' title='bbox 1707 2139 1770 2161; x_wconf 85' lang='lat' dir='ltr'>ilo</span> 
     </span>
    </p>

    <p class='ocr_par' dir='ltr' id='par_1_16' title="bbox 154 2172 1649 2267">
     <span class='ocr_line' id='line_1_37' title="bbox 154 2172 1649 2222; baseline -0.003 -10"><span class='ocrx_word' id='word_1_279' title='bbox 154 2190 170 2211; x_wconf 63' lang='grc' dir='ltr'>»ι</span> <span class='ocrx_word' id='word_1_280' title='bbox 195 2176 268 2212; x_wconf 88' lang='lat' dir='ltr'>Cur</span> <span class='ocrx_word' id='word_1_281' title='bbox 288 2174 415 2211; x_wconf 89' lang='lat' dir='ltr'>divitis</span> <span class='ocrx_word' id='word_1_282' title='bbox 449 2175 621 2221; x_wconf 83' lang='lat' dir='ltr'>epulonis</span> <span class='ocrx_word' id='word_1_283' title='bbox 651 2185 790 2210; x_wconf 87' lang='lat' dir='ltr'>nomen</span> <span class='ocrx_word' id='word_1_284' title='bbox 1011 2191 1030 2222; x_wconf 84' lang='lat'>9</span> <span class='ocrx_word' id='word_1_285' title='bbox 1052 2173 1268 2210; x_wconf 84' lang='lat' dir='ltr'>Exhortatio</span> <span class='ocrx_word' id='word_1_286' title='bbox 1285 2173 1331 2209; x_wconf 83' lang='lat' dir='ltr'>ad</span> <span class='ocrx_word' id='word_1_287' title='bbox 1347 2172 1649 2209; x_wconf 87' lang='lat' dir='ltr'>misericordiam</span> 
     </span>
     <span class='ocr_line' id='line_1_38' title="bbox 174 2220 1647 2267; baseline -0.003 -8"><span class='ocrx_word' id='word_1_288' title='bbox 174 2223 370 2259; x_wconf 80' lang='lat' dir='ltr'>taceatur?</span> <span class='ocrx_word' id='word_1_289' title='bbox 846 2224 908 2256; x_wconf 79' lang='lat'>106</span> <span class='ocrx_word' id='word_1_290' title='bbox 1033 2220 1282 2267; x_wconf 81' lang='lat' dir='ltr'>largiendam,</span> <span class='ocrx_word' id='word_1_291' title='bbox 1320 2223 1357 2256; x_wconf 82' lang='lat' dir='ltr'>et</span> <span class='ocrx_word' id='word_1_292' title='bbox 1385 2223 1647 2266; x_wconf 84' lang='lat' dir='ltr'>paupertatem</span> 
     </span>
    </p>

    <p class='ocr_par' dir='ltr' id='par_1_17' title="bbox 150 2268 1771 2412">
     <span class='ocr_line' id='line_1_39' title="bbox 150 2268 1771 2316; baseline -0.002 -10"><span class='ocrx_word' id='word_1_293' title='bbox 150 2273 170 2305; x_wconf 85' lang='lat'>5</span> <span class='ocrx_word' id='word_1_294' title='bbox 191 2271 264 2307; x_wconf 88' lang='lat' dir='ltr'>Cur</span> <span class='ocrx_word' id='word_1_295' title='bbox 289 2274 414 2307; x_wconf 88' lang='lat' dir='ltr'>autem</span> <span class='ocrx_word' id='word_1_296' title='bbox 443 2270 623 2316; x_wconf 84' lang='lat' dir='ltr'>pauperis</span> <span class='ocrx_word' id='word_1_297' title='bbox 649 2280 789 2305; x_wconf 89' lang='lat' dir='ltr'>nomen</span> <span class='ocrx_word' id='word_1_298' title='bbox 1034 2268 1286 2305; x_wconf 86' lang='lat' dir='ltr'>tolerandam.</span> <span class='ocrx_word' id='word_1_299' title='bbox 1707 2283 1771 2303; x_wconf 84' lang='grc' dir='ltr'>ιιο</span> 
     </span>
     <span class='ocr_line' id='line_1_40' title="bbox 175 2315 1653 2364; baseline -0.002 -11"><span class='ocrx_word' id='word_1_300' title='bbox 175 2317 436 2364; x_wconf 75' lang='lat' dir='ltr'>exprimatur?</span> <span class='ocrx_word' id='word_1_301' title='bbox 474 2321 508 2354; x_wconf 85' lang='lat' dir='ltr'>et</span> <span class='ocrx_word' id='word_1_302' title='bbox 566 2318 612 2353; x_wconf 90' lang='lat' dir='ltr'>de</span> <span class='ocrx_word' id='word_1_303' title='bbox 670 2316 789 2363; x_wconf 81' lang='lat' dir='ltr'>ipsius</span> <span class='ocrx_word' id='word_1_304' title='bbox 991 2332 1032 2353; x_wconf 88' lang='lat'>10</span> <span class='ocrx_word' id='word_1_305' title='bbox 1053 2318 1156 2352; x_wconf 88' lang='lat' dir='ltr'>Bona</span> <span class='ocrx_word' id='word_1_306' title='bbox 1186 2319 1224 2353; x_wconf 86' lang='lat' dir='ltr'>et</span> <span class='ocrx_word' id='word_1_307' title='bbox 1243 2316 1344 2353; x_wconf 88' lang='lat' dir='ltr'>mala</span> <span class='ocrx_word' id='word_1_308' title='bbox 1370 2315 1456 2351; x_wconf 80' lang='lat' dir='ltr'>vitae</span> <span class='ocrx_word' id='word_1_309' title='bbox 1486 2325 1653 2362; x_wconf 89' lang='lat' dir='ltr'>praesen-</span> 
     </span>
     <span class='ocr_line' id='line_1_41' title="bbox 175 2363 1770 2412; baseline -0.002 -11"><span class='ocrx_word' id='word_1_310' title='bbox 175 2364 347 2412; x_wconf 87' lang='lat' dir='ltr'>penuria.</span> <span class='ocrx_word' id='word_1_311' title='bbox 846 2366 909 2399; x_wconf 87' lang='lat'>106</span> <span class='ocrx_word' id='word_1_312' title='bbox 1034 2363 1097 2399; x_wconf 82' lang='lat' dir='ltr'>tis.</span> <span class='ocrx_word' id='word_1_313' title='bbox 1708 2378 1719 2398; x_wconf 83' lang='grc' dir='ltr'><strong>ι</strong></span> <span class='ocrx_word' id='word_1_314' title='bbox 1733 2378 1743 2398; x_wconf 89' lang='lat'>1</span> <span class='ocrx_word' id='word_1_315' title='bbox 1758 2378 1770 2398; x_wconf 89' lang='lat'>1</span> 
     </span>
    </p>

    <p class='ocr_par' dir='ltr' id='par_1_18' title="bbox 151 2410 1769 2460">
     <span class='ocr_line' id='line_1_42' title="bbox 151 2410 1769 2460; baseline -0.002 -11"><span class='ocrx_word' id='word_1_316' title='bbox 151 2416 173 2456; x_wconf 75' lang='grc'>4</span> <span class='ocrx_word' id='word_1_317' title='bbox 192 2414 291 2449; x_wconf 90' lang='lat' dir='ltr'>Mors</span> <span class='ocrx_word' id='word_1_318' title='bbox 314 2412 491 2460; x_wconf 88' lang='lat' dir='ltr'>pauperis</span> <span class='ocrx_word' id='word_1_319' title='bbox 514 2417 551 2449; x_wconf 89' lang='lat' dir='ltr'>et</span> <span class='ocrx_word' id='word_1_320' title='bbox 574 2411 714 2448; x_wconf 85' lang='lat' dir='ltr'>divitis.</span> <span class='ocrx_word' id='word_1_321' title='bbox 844 2426 907 2457; x_wconf 90' lang='lat'>107</span> <span class='ocrx_word' id='word_1_322' title='bbox 992 2428 1028 2448; x_wconf 76' lang='grc' dir='ltr'>ιι</span> <span class='ocrx_word' id='word_1_323' title='bbox 1050 2413 1154 2447; x_wconf 88' lang='lat' dir='ltr'>Bona</span> <span class='ocrx_word' id='word_1_324' title='bbox 1173 2414 1211 2448; x_wconf 84' lang='lat' dir='ltr'>et</span> <span class='ocrx_word' id='word_1_325' title='bbox 1232 2412 1330 2447; x_wconf 87' lang='lat' dir='ltr'>mala</span> <span class='ocrx_word' id='word_1_326' title='bbox 1350 2410 1436 2446; x_wconf 80' lang='lat' dir='ltr'>vitae</span> <span class='ocrx_word' id='word_1_327' title='bbox 1458 2414 1627 2446; x_wconf 85' lang='lat' dir='ltr'>aeternae.</span> <span class='ocrx_word' id='word_1_328' title='bbox 1711 2426 1745 2446; x_wconf 83' lang='lat' dir='ltr'>ll</span> <span class='ocrx_word' id='word_1_329' title='bbox 1759 2425 1769 2445; x_wconf 85' lang='lat' dir='ltr'>l</span> 
     </span>
    </p>

    <p class='ocr_par' dir='ltr' id='par_1_19' title="bbox 154 2459 1773 2544">
     <span class='ocr_line' id='line_1_43' title="bbox 154 2459 1773 2507; baseline -0.001 -12"><span class='ocrx_word' id='word_1_330' title='bbox 154 2464 173 2495; x_wconf 86' lang='lat'>5</span> <span class='ocrx_word' id='word_1_331' title='bbox 200 2462 311 2497; x_wconf 85' lang='lat' dir='ltr'>Sinus</span> <span class='ocrx_word' id='word_1_332' title='bbox 347 2461 509 2497; x_wconf 60' lang='lat' dir='ltr'>Abrahae</span> <span class='ocrx_word' id='word_1_333' title='bbox 540 2460 629 2507; x_wconf 84' lang='lat' dir='ltr'>quid</span> <span class='ocrx_word' id='word_1_334' title='bbox 665 2459 726 2503; x_wconf 90' lang='lat' dir='ltr'>sit,</span> <span class='ocrx_word' id='word_1_335' title='bbox 755 2462 791 2495; x_wconf 88' lang='lat' dir='ltr'>et</span> <span class='ocrx_word' id='word_1_336' title='bbox 992 2473 1030 2495; x_wconf 84' lang='lat'>12</span> <span class='ocrx_word' id='word_1_337' title='bbox 1052 2460 1196 2495; x_wconf 87' lang='lat' dir='ltr'>Animae</span> <span class='ocrx_word' id='word_1_338' title='bbox 1216 2462 1400 2505; x_wconf 83' lang='lat' dir='ltr'>separatae</span> <span class='ocrx_word' id='word_1_339' title='bbox 1418 2461 1552 2494; x_wconf 87' lang='lat' dir='ltr'>status.</span> <span class='ocrx_word' id='word_1_340' title='bbox 1711 2472 1773 2494; x_wconf 61' lang='grc' dir='ltr'>ιη</span> 
     </span>
     <span class='ocr_line' id='line_1_44' title="bbox 176 2505 1655 2544; baseline -0.002 0"><span class='ocrx_word' id='word_1_341' title='bbox 176 2508 271 2544; x_wconf 73' lang='lat' dir='ltr'>ubi?</span> <span class='ocrx_word' id='word_1_342' title='bbox 846 2508 911 2541; x_wconf 84' lang='lat'>108</span> <span class='ocrx_word' id='word_1_343' title='bbox 993 2510 1033 2543; x_wconf 83' lang='lat'>15</span> <span class='ocrx_word' id='word_1_344' title='bbox 1053 2505 1181 2542; x_wconf 91' lang='lat' dir='ltr'>Timor</span> <span class='ocrx_word' id='word_1_345' title='bbox 1233 2506 1360 2542; x_wconf 84' lang='lat' dir='ltr'>divitis</span> <span class='ocrx_word' id='word_1_346' title='bbox 1414 2507 1514 2542; x_wconf 88' lang='lat' dir='ltr'>circa</span> <span class='ocrx_word' id='word_1_347' title='bbox 1566 2516 1655 2542; x_wconf 85' lang='lat' dir='ltr'>suos</span> 
     </span>
    </p>

    <p class='ocr_par' dir='ltr' id='par_1_20' title="bbox 152 2554 1774 2695">
     <span class='ocr_line' id='line_1_45' title="bbox 152 2554 1774 2603; baseline -0.002 -12"><span class='ocrx_word' id='word_1_348' title='bbox 152 2559 173 2591; x_wconf 88' lang='lat'>6</span> <span class='ocrx_word' id='word_1_349' title='bbox 195 2557 269 2592; x_wconf 89' lang='lat' dir='ltr'>Cur</span> <span class='ocrx_word' id='word_1_350' title='bbox 322 2556 425 2592; x_wconf 90' lang='lat' dir='ltr'>dives</span> <span class='ocrx_word' id='word_1_351' title='bbox 475 2557 585 2603; x_wconf 87' lang='lat' dir='ltr'>epulo</span> <span class='ocrx_word' id='word_1_352' title='bbox 638 2554 791 2601; x_wconf 84' lang='lat' dir='ltr'>specia—</span> <span class='ocrx_word' id='word_1_353' title='bbox 1035 2557 1228 2600; x_wconf 81' lang='lat' dir='ltr'>parentes.</span> <span class='ocrx_word' id='word_1_354' title='bbox 1710 2555 1774 2589; x_wconf 78' lang='lat'>115</span> 
     </span>
     <span class='ocr_line' id='line_1_46' title="bbox 175 2601 1656 2649; baseline -0.002 -11"><span class='ocrx_word' id='word_1_355' title='bbox 175 2604 241 2638; x_wconf 90' lang='lat' dir='ltr'>tim</span> <span class='ocrx_word' id='word_1_356' title='bbox 271 2603 316 2639; x_wconf 89' lang='lat' dir='ltr'>de</span> <span class='ocrx_word' id='word_1_357' title='bbox 341 2603 478 2649; x_wconf 84' lang='lat' dir='ltr'>linguae</span> <span class='ocrx_word' id='word_1_358' title='bbox 508 2602 679 2640; x_wconf 88' lang='lat' dir='ltr'>cruciatu</span> <span class='ocrx_word' id='word_1_359' title='bbox 699 2612 790 2648; x_wconf 88' lang='lat' dir='ltr'>que·</span> <span class='ocrx_word' id='word_1_360' title='bbox 994 2605 1035 2646; x_wconf 72' lang='lat'>14</span> <span class='ocrx_word' id='word_1_361' title='bbox 1055 2601 1233 2638; x_wconf 83' lang='lat' dir='ltr'>Tolerare</span> <span class='ocrx_word' id='word_1_362' title='bbox 1253 2602 1434 2637; x_wconf 88' lang='lat' dir='ltr'>docemur</span> <span class='ocrx_word' id='word_1_363' title='bbox 1460 2611 1544 2646; x_wconf 83' lang='lat' dir='ltr'>quae</span> <span class='ocrx_word' id='word_1_364' title='bbox 1565 2604 1656 2635; x_wconf 83' lang='lat' dir='ltr'>tem-</span> 
     </span>
     <span class='ocr_line' id='line_1_47' title="bbox 175 2648 1653 2695; baseline -0.003 -9"><span class='ocrx_word' id='word_1_365' title='bbox 175 2654 293 2687; x_wconf 87' lang='lat' dir='ltr'>ratur.</span> <span class='ocrx_word' id='word_1_366' title='bbox 849 2663 860 2683; x_wconf 88' lang='grc' dir='ltr'>ι</span> <span class='ocrx_word' id='word_1_367' title='bbox 869 2651 913 2684; x_wconf 88' lang='lat'>08</span> <span class='ocrx_word' id='word_1_368' title='bbox 1038 2648 1218 2695; x_wconf 88' lang='lat' dir='ltr'>poraliter</span> <span class='ocrx_word' id='word_1_369' title='bbox 1230 2649 1449 2693; x_wconf 87' lang='lat' dir='ltr'>molestant,</span> <span class='ocrx_word' id='word_1_370' title='bbox 1462 2648 1653 2684; x_wconf 84' lang='lat' dir='ltr'>refrenare</span> 
     </span>
    </p>

    <p class='ocr_par' dir='ltr' id='par_1_21' title="bbox 153 2694 1776 2790">
     <span class='ocr_line' id='line_1_48' title="bbox 153 2694 1656 2744; baseline -0.004 -9"><span class='ocrx_word' id='word_1_371' title='bbox 153 2713 172 2744; x_wconf 90' lang='lat'><strong>7</strong></span> <span class='ocrx_word' id='word_1_372' title='bbox 195 2699 436 2735; x_wconf 87' lang='lat' dir='ltr'>Enumeratio</span> <span class='ocrx_word' id='word_1_373' title='bbox 471 2699 647 2735; x_wconf 82' lang='lat' dir='ltr'>vitiorum</span> <span class='ocrx_word' id='word_1_374' title='bbox 683 2698 795 2743; x_wconf 88' lang='lat' dir='ltr'>hujus</span> <span class='ocrx_word' id='word_1_375' title='bbox 1040 2699 1166 2732; x_wconf 88' lang='lat' dir='ltr'>autem</span> <span class='ocrx_word' id='word_1_376' title='bbox 1198 2708 1281 2744; x_wconf 77' lang='lat' dir='ltr'>quae</span> <span class='ocrx_word' id='word_1_377' title='bbox 1307 2694 1567 2742; x_wconf 83' lang='lat' dir='ltr'>temporaliter</span> <span class='ocrx_word' id='word_1_378' title='bbox 1586 2694 1656 2730; x_wconf 89' lang='lat' dir='ltr'>de-</span> 
     </span>
     <span class='ocr_line' id='line_1_49' title="bbox 175 2744 1776 2790; baseline -0.002 -9"><span class='ocrx_word' id='word_1_379' title='bbox 175 2746 313 2782; x_wconf 83' lang='lat' dir='ltr'>divitis.</span> <span class='ocrx_word' id='word_1_380' title='bbox 852 2758 915 2790; x_wconf 89' lang='lat'>109</span> <span class='ocrx_word' id='word_1_381' title='bbox 1040 2744 1192 2780; x_wconf 79' lang='lat' dir='ltr'>lectant.</span> <span class='ocrx_word' id='word_1_382' title='bbox 1713 2756 1724 2777; x_wconf 86' lang='lat'><em>1</em></span> <span class='ocrx_word' id='word_1_383' title='bbox 1737 2745 1776 2785; x_wconf 71' lang='lat'>14</span> 
     </span>
    </p>
   </div>
  </div>
 </body>
</html>
