<?xml version="1.0" encoding="UTF-8"?>
<!DOCTYPE html PUBLIC "-//W3C//DTD XHTML 1.0 Transitional//EN"
    "http://www.w3.org/TR/xhtml1/DTD/xhtml1-transitional.dtd">
<html xmlns="http://www.w3.org/1999/xhtml" xml:lang="en" lang="en">
 <head>
  <title>
</title>
<meta http-equiv="Content-Type" content="text/html;charset=utf-8" />
  <meta name='ocr-system' content='tesseract 3.04.00' />
  <meta name='ocr-capabilities' content='ocr_page ocr_carea ocr_par ocr_line ocrx_word'/>
</head>
<body>
  <div class='ocr_page' id='page_1' title='image "./vitajesuchristie03ludouoft_0356.png"; bbox 0 0 1907 3139; ppageno 0'>
   <div class='ocr_carea' id='block_1_1' title="bbox 152 169 1303 227">
    <p class='ocr_par' dir='ltr' id='par_1_1' title="bbox 152 169 1303 227">
     <span class='ocr_line' id='line_1_1' title="bbox 152 169 1303 227; baseline 0.003 -23"><span class='ocrx_word' id='word_1_1' title='bbox 152 169 211 204; x_wconf 90' lang='grc'>330</span> <span class='ocrx_word' id='word_1_2' title='bbox 616 172 822 227; x_wconf 70' lang='lat' dir='ltr'>SECUNDAE</span> <span class='ocrx_word' id='word_1_3' title='bbox 859 173 1018 208; x_wconf 76' lang='lat' dir='ltr'>PARTIS</span> <span class='ocrx_word' id='word_1_4' title='bbox 1057 173 1193 207; x_wconf 86' lang='lat' dir='ltr'>CAPUT</span> <span class='ocrx_word' id='word_1_5' title='bbox 1233 174 1303 208; x_wconf 88' lang='lat' dir='ltr'>LIV</span> 
     </span>
    </p>
   </div>
   <div class='ocr_carea' id='block_1_2' title="bbox 149 236 1769 337">
    <p class='ocr_par' dir='ltr' id='par_1_2' title="bbox 149 236 1769 337">
     <span class='ocr_line' id='line_1_2' title="bbox 149 236 1769 295; baseline 0.008 -21"><span class='ocrx_word' id='word_1_6' title='bbox 149 236 312 290; x_wconf 74' lang='lat' dir='ltr'>odienda</span> <span class='ocrx_word' id='word_1_7' title='bbox 352 237 556 293; x_wconf 74' lang='lat' dir='ltr'>declinem3</span> <span class='ocrx_word' id='word_1_8' title='bbox 582 242 619 276; x_wconf 87' lang='lat' dir='ltr'>et</span> <span class='ocrx_word' id='word_1_9' title='bbox 652 240 704 277; x_wconf 88' lang='lat' dir='ltr'>sic</span> <span class='ocrx_word' id='word_1_10' title='bbox 740 241 1017 294; x_wconf 79' lang='lat' dir='ltr'>perseverando</span> <span class='ocrx_word' id='word_1_11' title='bbox 1052 250 1171 293; x_wconf 78' lang='lat' dir='ltr'>usque</span> <span class='ocrx_word' id='word_1_12' title='bbox 1202 241 1241 278; x_wconf 93' lang='lat' dir='ltr'>in</span> <span class='ocrx_word' id='word_1_13' title='bbox 1272 243 1403 291; x_wconf 86' lang='lat' dir='ltr'>finem,</span> <span class='ocrx_word' id='word_1_14' title='bbox 1435 254 1644 295; x_wconf 83' lang='lat' dir='ltr'>consequar</span> <span class='ocrx_word' id='word_1_15' title='bbox 1678 250 1769 287; x_wconf 86' lang='lat' dir='ltr'>tunc</span> 
     </span>
     <span class='ocr_line' id='line_1_3' title="bbox 149 285 1405 337; baseline 0.007 -17"><span class='ocrx_word' id='word_1_16' title='bbox 149 285 300 331; x_wconf 77' lang='lat' dir='ltr'>dignam</span> <span class='ocrx_word' id='word_1_17' title='bbox 321 290 551 324; x_wconf 83' lang='lat' dir='ltr'>sacrosancti</span> <span class='ocrx_word' id='word_1_18' title='bbox 570 287 747 335; x_wconf 81' lang='lat' dir='ltr'>Corporis</span> <span class='ocrx_word' id='word_1_19' title='bbox 765 293 802 325; x_wconf 89' lang='lat' dir='ltr'>et</span> <span class='ocrx_word' id='word_1_20' title='bbox 820 290 1022 336; x_wconf 82' lang='lat' dir='ltr'>Sangulnis</span> <span class='ocrx_word' id='word_1_21' title='bbox 1037 291 1093 324; x_wconf 81' lang='lat' dir='ltr'>tui</span> <span class='ocrx_word' id='word_1_22' title='bbox 1113 290 1405 337; x_wconf 80' lang='lat' dir='ltr'>perceptionem.</span> 
     </span>
    </p>
   </div>
   <div class='ocr_carea' id='block_1_3' title="bbox 807 502 1106 552">
    <p class='ocr_par' dir='ltr' id='par_1_3' title="bbox 807 502 1106 552">
     <span class='ocr_line' id='line_1_4' title="bbox 807 502 1106 552; baseline 0.007 -2"><span class='ocrx_word' id='word_1_23' title='bbox 807 502 990 551; x_wconf 88' lang='lat' dir='ltr'><strong>CAPUT</strong></span> <span class='ocrx_word' id='word_1_24' title='bbox 1014 504 1106 552; x_wconf 90' lang='lat' dir='ltr'>LIV</span> 
     </span>
    </p>
   </div>
   <div class='ocr_carea' id='block_1_4' title="bbox 556 637 1346 671">
    <p class='ocr_par' dir='ltr' id='par_1_4' title="bbox 556 637 1346 671">
     <span class='ocr_line' id='line_1_5' title="bbox 556 637 1346 671; baseline 0.005 -4"><span class='ocrx_word' id='word_1_25' title='bbox 556 638 605 668; x_wconf 82' lang='lat' dir='ltr'>DE</span> <span class='ocrx_word' id='word_1_26' title='bbox 633 637 856 668; x_wconf 81' lang='lat' dir='ltr'><strong>ABLUTIONE</strong></span> <span class='ocrx_word' id='word_1_27' title='bbox 883 638 1016 669; x_wconf 77' lang='lat' dir='ltr'><strong>PEDUM</strong></span> <span class='ocrx_word' id='word_1_28' title='bbox 1044 639 1346 671; x_wconf 79' lang='lat' dir='ltr'><strong>DISCIPULORUM·</strong></span> 
     </span>
    </p>
   </div>
   <div class='ocr_carea' id='block_1_5' title="bbox 776 747 1153 798">
    <p class='ocr_par' dir='ltr' id='par_1_5' title="bbox 776 747 1153 798">
     <span class='ocr_line' id='line_1_6' title="bbox 776 747 1153 798; baseline 0.011 -13"><span class='ocrx_word' id='word_1_29' title='bbox 776 747 796 785; x_wconf 88' lang='lat' dir='ltr'>J</span> <span class='ocrx_word' id='word_1_30' title='bbox 800 747 935 785; x_wconf 87' lang='lat' dir='ltr'>oannis</span> <span class='ocrx_word' id='word_1_31' title='bbox 955 760 1037 798; x_wconf 78' lang='lat' dir='ltr'>cap.</span> <span class='ocrx_word' id='word_1_32' title='bbox 1057 751 1153 789; x_wconf 88' lang='lat' dir='ltr'><strong>XIII.</strong></span> 
     </span>
    </p>
   </div>
   <div class='ocr_carea' id='block_1_6' title="bbox 140 860 922 2828">
    <p class='ocr_par' dir='ltr' id='par_1_6' title="bbox 140 860 922 2828">
     <span class='ocr_line' id='line_1_7' title="bbox 198 860 918 900; baseline 0.006 -6"><span class='ocrx_word' id='word_1_33' title='bbox 198 873 209 895; x_wconf 91' lang='lat'>1</span> <span class='ocrx_word' id='word_1_34' title='bbox 233 860 398 895; x_wconf 75' lang='lat' dir='ltr'>D1LEcr1o</span> <span class='ocrx_word' id='word_1_35' title='bbox 419 860 562 896; x_wconf 72' lang='lat' dir='ltr'>Cnmsn</span> <span class='ocrx_word' id='word_1_36' title='bbox 582 872 675 898; x_wconf 71' lang='lat' dir='ltr'>ERGA</span> <span class='ocrx_word' id='word_1_37' title='bbox 700 873 918 900; x_wconf 65' lang='lat' dir='ltr'>mscn’uLos,</span> 
     </span>
     <span class='ocr_line' id='line_1_8' title="bbox 145 905 922 946; baseline 0.006 -5"><span class='ocrx_word' id='word_1_38' title='bbox 145 925 189 931; x_wconf 90' lang='lat'><em>—</em></span> <span class='ocrx_word' id='word_1_39' title='bbox 207 905 312 942; x_wconf 86' lang='lat' dir='ltr'>Circa</span> <span class='ocrx_word' id='word_1_40' title='bbox 330 918 415 942; x_wconf 87' lang='lat' dir='ltr'>vero</span> <span class='ocrx_word' id='word_1_41' title='bbox 436 908 643 944; x_wconf 91' lang='lat' dir='ltr'>secundum</span> <span class='ocrx_word' id='word_1_42' title='bbox 662 908 721 945; x_wconf 87' lang='lat' dir='ltr'>hic</span> <span class='ocrx_word' id='word_1_43' title='bbox 739 910 922 946; x_wconf 76' lang='lat' dir='ltr'>meditan-</span> 
     </span>
     <span class='ocr_line' id='line_1_9' title="bbox 145 952 920 998; baseline 0.008 -11"><span class='ocrx_word' id='word_1_44' title='bbox 145 952 250 997; x_wconf 93' lang='lat' dir='ltr'>dum,</span> <span class='ocrx_word' id='word_1_45' title='bbox 280 953 478 998; x_wconf 72' lang='lat' dir='ltr'>diligenter</span> <span class='ocrx_word' id='word_1_46' title='bbox 507 956 671 992; x_wconf 77' lang='lat' dir='ltr'>attende.</span> <span class='ocrx_word' id='word_1_47' title='bbox 711 957 920 993; x_wconf 85' lang='lat' dir='ltr'>Praemissis</span> 
     </span>
     <span class='ocr_line' id='line_1_10' title="bbox 145 1000 920 1046; baseline 0.006 -12"><span class='ocrx_word' id='word_1_48' title='bbox 145 1010 309 1045; x_wconf 84' lang='lat' dir='ltr'>namque</span> <span class='ocrx_word' id='word_1_49' title='bbox 323 1000 375 1036; x_wconf 88' lang='lat' dir='ltr'>ita</span> <span class='ocrx_word' id='word_1_50' title='bbox 388 1012 426 1037; x_wconf 92' lang='lat' dir='ltr'>se</span> <span class='ocrx_word' id='word_1_51' title='bbox 440 1003 678 1046; x_wconf 70' lang='lat' dir='ltr'>habentibus,</span> <span class='ocrx_word' id='word_1_52' title='bbox 693 1007 807 1039; x_wconf 80' lang='lat' dir='ltr'>sciens</span> <span class='ocrx_word' id='word_1_53' title='bbox 818 1007 920 1040; x_wconf 75' lang='lat' dir='ltr'>Jesus</span> 
     </span>
     <span class='ocr_line' id='line_1_11' title="bbox 145 1049 919 1095; baseline 0.008 -14"><span class='ocrx_word' id='word_1_54' title='bbox 145 1049 232 1091; x_wconf 76' lang='lat' dir='ltr'>quia</span> <span class='ocrx_word' id='word_1_55' title='bbox 252 1049 350 1082; x_wconf 78' lang='lat' dir='ltr'>venit</span> <span class='ocrx_word' id='word_1_56' title='bbox 371 1049 459 1083; x_wconf 74' lang='lat' dir='ltr'>hora</span> <span class='ocrx_word' id='word_1_57' title='bbox 480 1050 571 1093; x_wconf 54' lang='lat' dir='ltr'>epm,</span> <span class='ocrx_word' id='word_1_58' title='bbox 598 1061 674 1085; x_wconf 89' lang='lat' dir='ltr'>non</span> <span class='ocrx_word' id='word_1_59' title='bbox 696 1050 831 1095; x_wconf 74' lang='lat' dir='ltr'>fatalis,</span> <span class='ocrx_word' id='word_1_60' title='bbox 854 1052 919 1087; x_wconf 91' lang='lat' dir='ltr'>sed</span> 
     </span>
     <span class='ocr_line' id='line_1_12' title="bbox 145 1093 921 1139; baseline 0.008 -11"><span class='ocrx_word' id='word_1_61' title='bbox 145 1093 372 1139; x_wconf 83' lang='lat' dir='ltr'>impletionis</span> <span class='ocrx_word' id='word_1_62' title='bbox 389 1100 709 1133; x_wconf 80' lang='lat' dir='ltr'>sacramentorum</span> <span class='ocrx_word' id='word_1_63' title='bbox 725 1109 745 1133; x_wconf 89' lang='lat' dir='ltr'>a</span> <span class='ocrx_word' id='word_1_64' title='bbox 764 1100 838 1134; x_wconf 88' lang='lat' dir='ltr'>Deo</span> <span class='ocrx_word' id='word_1_65' title='bbox 855 1100 921 1134; x_wconf 88' lang='lat' dir='ltr'>Pa-</span> 
     </span>
     <span class='ocr_line' id='line_1_13' title="bbox 144 1141 919 1187; baseline 0.006 -12"><span class='ocrx_word' id='word_1_66' title='bbox 144 1143 202 1176; x_wconf 89' lang='lat' dir='ltr'>tre</span> <span class='ocrx_word' id='word_1_67' title='bbox 216 1141 402 1187; x_wconf 86' lang='lat' dir='ltr'>ordinata,</span> <span class='ocrx_word' id='word_1_68' title='bbox 416 1146 455 1177; x_wconf 77' lang='lat' dir='ltr'>ut</span> <span class='ocrx_word' id='word_1_69' title='bbox 469 1147 631 1179; x_wconf 78' lang='lat' dir='ltr'>transeat</span> <span class='ocrx_word' id='word_1_70' title='bbox 646 1156 691 1179; x_wconf 63' lang='grc' dir='ltr'>θα)</span> <span class='ocrx_word' id='word_1_71' title='bbox 710 1146 773 1180; x_wconf 87' lang='lat' dir='ltr'>hoc</span> <span class='ocrx_word' id='word_1_72' title='bbox 786 1146 919 1181; x_wconf 80' lang='lat' dir='ltr'>mundo</span> 
     </span>
     <span class='ocr_line' id='line_1_14' title="bbox 144 1188 917 1236; baseline 0.008 -14"><span class='ocrx_word' id='word_1_73' title='bbox 144 1188 193 1223; x_wconf 82' lang='lat' dir='ltr'>ad</span> <span class='ocrx_word' id='word_1_74' title='bbox 210 1190 367 1231; x_wconf 79' lang='lat' dir='ltr'>Patrem,</span> <span class='ocrx_word' id='word_1_75' title='bbox 388 1200 461 1225; x_wconf 88' lang='lat' dir='ltr'>non</span> <span class='ocrx_word' id='word_1_76' title='bbox 479 1201 546 1236; x_wconf 90' lang='lat' dir='ltr'>per</span> <span class='ocrx_word' id='word_1_77' title='bbox 561 1191 631 1226; x_wconf 88' lang='lat' dir='ltr'>loci</span> <span class='ocrx_word' id='word_1_78' title='bbox 648 1192 892 1228; x_wconf 78' lang='lat' dir='ltr'>mutationem</span> <span class='ocrx_word' id='word_1_79' title='bbox 909 1204 917 1228; x_wconf 72' lang='grc' dir='ltr'>ε</span> 
     </span>
     <span class='ocr_line' id='line_1_15' title="bbox 145 1235 919 1275; baseline 0.006 -5"><span class='ocrx_word' id='word_1_80' title='bbox 145 1235 211 1271; x_wconf 90' lang='lat' dir='ltr'>sed</span> <span class='ocrx_word' id='word_1_81' title='bbox 227 1236 324 1271; x_wconf 86' lang='lat' dir='ltr'>sicut</span> <span class='ocrx_word' id='word_1_82' title='bbox 341 1236 479 1272; x_wconf 88' lang='lat' dir='ltr'>dicitur</span> <span class='ocrx_word' id='word_1_83' title='bbox 492 1249 514 1273; x_wconf 92' lang='lat' dir='ltr'>a</span> <span class='ocrx_word' id='word_1_84' title='bbox 532 1239 642 1274; x_wconf 86' lang='lat' dir='ltr'>Patre</span> <span class='ocrx_word' id='word_1_85' title='bbox 652 1239 796 1275; x_wconf 76' lang='lat' dir='ltr'>venisse</span> <span class='ocrx_word' id='word_1_86' title='bbox 815 1250 919 1275; x_wconf 85' lang='lat' dir='ltr'>assu-</span> 
     </span>
     <span class='ocr_line' id='line_1_16' title="bbox 145 1282 922 1335; baseline 0.008 -19"><span class='ocrx_word' id='word_1_87' title='bbox 145 1282 280 1335; x_wconf 79' lang='lat' dir='ltr'>mendo</span> <span class='ocrx_word' id='word_1_88' title='bbox 291 1287 464 1320; x_wconf 87' lang='lat' dir='ltr'>naturam</span> <span class='ocrx_word' id='word_1_89' title='bbox 476 1289 641 1321; x_wconf 83' lang='lat' dir='ltr'>nostram</span> <span class='ocrx_word' id='word_1_90' title='bbox 653 1287 922 1330; x_wconf 85' lang='lat' dir='ltr'>mortalem‚ita</span> 
     </span>
     <span class='ocr_line' id='line_1_17' title="bbox 144 1329 918 1382; baseline 0.008 -18"><span class='ocrx_word' id='word_1_91' title='bbox 144 1329 281 1382; x_wconf 79' lang='lat' dir='ltr'>dicitur</span> <span class='ocrx_word' id='word_1_92' title='bbox 305 1331 351 1366; x_wconf 87' lang='lat' dir='ltr'>ad</span> <span class='ocrx_word' id='word_1_93' title='bbox 373 1332 523 1368; x_wconf 90' lang='lat' dir='ltr'>Patrem</span> <span class='ocrx_word' id='word_1_94' title='bbox 552 1332 723 1378; x_wconf 88' lang='lat' dir='ltr'>rediisse,</span> <span class='ocrx_word' id='word_1_95' title='bbox 746 1334 918 1370; x_wconf 78' lang='lat' dir='ltr'>faciendo</span> 
     </span>
     <span class='ocr_line' id='line_1_18' title="bbox 144 1378 921 1425; baseline 0.006 -13"><span class='ocrx_word' id='word_1_96' title='bbox 144 1387 281 1423; x_wconf 86' lang='lat' dir='ltr'>lpsam,</span> <span class='ocrx_word' id='word_1_97' title='bbox 314 1388 382 1423; x_wconf 87' lang='lat' dir='ltr'>per</span> <span class='ocrx_word' id='word_1_98' title='bbox 416 1378 752 1425; x_wconf 85' lang='lat' dir='ltr'>immortalitatem,</span> <span class='ocrx_word' id='word_1_99' title='bbox 782 1380 821 1416; x_wconf 93' lang='lat' dir='ltr'>in</span> <span class='ocrx_word' id='word_1_100' title='bbox 854 1391 921 1417; x_wconf 82' lang='lat' dir='ltr'>sua</span> 
     </span>
     <span class='ocr_line' id='line_1_19' title="bbox 143 1424 920 1473; baseline 0.006 -14"><span class='ocrx_word' id='word_1_101' title='bbox 143 1424 418 1462; x_wconf 85' lang='lat' dir='ltr'>resurrectione</span> <span class='ocrx_word' id='word_1_102' title='bbox 435 1430 602 1472; x_wconf 84' lang='lat' dir='ltr'>paternae</span> <span class='ocrx_word' id='word_1_103' title='bbox 624 1427 753 1473; x_wconf 81' lang='lat' dir='ltr'>gioriae</span> <span class='ocrx_word' id='word_1_104' title='bbox 771 1439 920 1464; x_wconf 88' lang='lat' dir='ltr'>consor-</span> 
     </span>
     <span class='ocr_line' id='line_1_20' title="bbox 144 1473 921 1521; baseline 0.005 -15"><span class='ocrx_word' id='word_1_105' title='bbox 144 1473 234 1507; x_wconf 91' lang='lat' dir='ltr'>tem.</span> <span class='ocrx_word' id='word_1_106' title='bbox 258 1473 343 1508; x_wconf 84' lang='lat' dir='ltr'>Cum</span> <span class='ocrx_word' id='word_1_107' title='bbox 365 1484 513 1520; x_wconf 77' lang='lat' dir='ltr'>semper</span> <span class='ocrx_word' id='word_1_108' title='bbox 537 1475 728 1511; x_wconf 68' lang='lat' dir='ltr'>(lileaeisset</span> <span class='ocrx_word' id='word_1_109' title='bbox 752 1486 834 1511; x_wconf 84' lang='lat' dir='ltr'>suos</span> <span class='ocrx_word' id='word_1_110' title='bbox 856 1477 921 1521; x_wconf 74' lang='lat' dir='ltr'>qui</span> 
     </span>
     <span class='ocr_line' id='line_1_21' title="bbox 144 1521 919 1565; baseline 0.006 -12"><span class='ocrx_word' id='word_1_111' title='bbox 144 1523 248 1555; x_wconf 78' lang='lat' dir='ltr'>erant</span> <span class='ocrx_word' id='word_1_112' title='bbox 267 1521 306 1555; x_wconf 76' lang='lat' dir='ltr'>in</span> <span class='ocrx_word' id='word_1_113' title='bbox 326 1521 474 1565; x_wconf 78' lang='lat' dir='ltr'>mundo,</span> <span class='ocrx_word' id='word_1_114' title='bbox 495 1532 570 1557; x_wconf 90' lang='lat' dir='ltr'>non</span> <span class='ocrx_word' id='word_1_115' title='bbox 597 1533 685 1557; x_wconf 81' lang='lat' dir='ltr'>suos</span> <span class='ocrx_word' id='word_1_116' title='bbox 711 1523 790 1558; x_wconf 85' lang='lat' dir='ltr'>sola</span> <span class='ocrx_word' id='word_1_117' title='bbox 813 1533 919 1558; x_wconf 89' lang='lat' dir='ltr'>crea-</span> 
     </span>
     <span class='ocr_line' id='line_1_22' title="bbox 144 1565 920 1612; baseline 0.006 -12"><span class='ocrx_word' id='word_1_118' title='bbox 144 1565 260 1607; x_wconf 86' lang='lat' dir='ltr'>tione,</span> <span class='ocrx_word' id='word_1_119' title='bbox 281 1567 347 1602; x_wconf 89' lang='lat' dir='ltr'>sed</span> <span class='ocrx_word' id='word_1_120' title='bbox 366 1579 453 1603; x_wconf 90' lang='lat' dir='ltr'>suos</span> <span class='ocrx_word' id='word_1_121' title='bbox 472 1567 585 1604; x_wconf 85' lang='lat' dir='ltr'>etiam</span> <span class='ocrx_word' id='word_1_122' title='bbox 606 1569 802 1612; x_wconf 73' lang='lat' dir='ltr'>electione,</span> <span class='ocrx_word' id='word_1_123' title='bbox 825 1569 920 1605; x_wconf 88' lang='lat' dir='ltr'>scili-</span> 
     </span>
     <span class='ocr_line' id='line_1_23' title="bbox 145 1613 920 1660; baseline 0.004 -12"><span class='ocrx_word' id='word_1_124' title='bbox 145 1615 203 1649; x_wconf 89' lang='lat' dir='ltr'>cet</span> <span class='ocrx_word' id='word_1_125' title='bbox 226 1613 444 1660; x_wconf 86' lang='lat' dir='ltr'>discipulos,</span> <span class='ocrx_word' id='word_1_126' title='bbox 462 1617 501 1650; x_wconf 81' lang='lat' dir='ltr'>in</span> <span class='ocrx_word' id='word_1_127' title='bbox 522 1618 626 1659; x_wconf 76' lang='lat' dir='ltr'>finem</span> <span class='ocrx_word' id='word_1_128' title='bbox 644 1617 777 1652; x_wconf 75' lang='lat' dir='ltr'>dilcaez&#39;t</span> <span class='ocrx_word' id='word_1_129' title='bbox 794 1627 864 1659; x_wconf 86' lang='lat' dir='ltr'>eos,</span> <span class='ocrx_word' id='word_1_130' title='bbox 882 1616 920 1651; x_wconf 91' lang='lat' dir='ltr'>id</span> 
     </span>
     <span class='ocr_line' id='line_1_24' title="bbox 144 1660 921 1709; baseline 0.005 -14"><span class='ocrx_word' id='word_1_131' title='bbox 144 1662 200 1695; x_wconf 87' lang='lat' dir='ltr'>est</span> <span class='ocrx_word' id='word_1_132' title='bbox 223 1660 261 1696; x_wconf 88' lang='lat' dir='ltr'>in</span> <span class='ocrx_word' id='word_1_133' title='bbox 289 1662 365 1697; x_wconf 89' lang='lat' dir='ltr'>fine</span> <span class='ocrx_word' id='word_1_134' title='bbox 392 1662 570 1708; x_wconf 82' lang='lat' dir='ltr'>specialia</span> <span class='ocrx_word' id='word_1_135' title='bbox 590 1667 626 1698; x_wconf 88' lang='lat' dir='ltr'>et</span> <span class='ocrx_word' id='word_1_136' title='bbox 648 1664 790 1709; x_wconf 87' lang='lat' dir='ltr'>majora</span> <span class='ocrx_word' id='word_1_137' title='bbox 815 1663 921 1709; x_wconf 86' lang='lat' dir='ltr'>signa</span> 
     </span>
     <span class='ocr_line' id='line_1_25' title="bbox 143 1707 919 1754; baseline 0.003 -11"><span class='ocrx_word' id='word_1_138' title='bbox 143 1707 364 1751; x_wconf 85' lang='lat' dir='ltr'>dilectionis,</span> <span class='ocrx_word' id='word_1_139' title='bbox 388 1712 423 1744; x_wconf 89' lang='lat' dir='ltr'>ct</span> <span class='ocrx_word' id='word_1_140' title='bbox 444 1713 584 1754; x_wconf 82' lang='lat' dir='ltr'>quanto</span> <span class='ocrx_word' id='word_1_141' title='bbox 602 1720 731 1746; x_wconf 91' lang='lat' dir='ltr'>amore</span> <span class='ocrx_word' id='word_1_142' title='bbox 750 1710 919 1746; x_wconf 71' lang='lat' dir='ltr'>dilexerit</span> 
     </span>
     <span class='ocr_line' id='line_1_26' title="bbox 145 1755 920 1802; baseline 0.005 -13"><span class='ocrx_word' id='word_1_143' title='bbox 145 1765 209 1790; x_wconf 91' lang='lat' dir='ltr'>eos</span> <span class='ocrx_word' id='word_1_144' title='bbox 226 1755 402 1798; x_wconf 86' lang='lat' dir='ltr'>ostendit,</span> <span class='ocrx_word' id='word_1_145' title='bbox 426 1757 602 1802; x_wconf 88' lang='lat' dir='ltr'>ponendo</span> <span class='ocrx_word' id='word_1_146' title='bbox 630 1757 794 1793; x_wconf 88' lang='lat' dir='ltr'>animam</span> <span class='ocrx_word' id='word_1_147' title='bbox 814 1768 920 1793; x_wconf 90' lang='lat' dir='ltr'>suam</span> 
     </span>
     <span class='ocr_line' id='line_1_27' title="bbox 143 1802 920 1850; baseline 0.004 -13"><span class='ocrx_word' id='word_1_148' title='bbox 143 1811 210 1847; x_wconf 90' lang='lat' dir='ltr'>pro</span> <span class='ocrx_word' id='word_1_149' title='bbox 237 1802 310 1846; x_wconf 89' lang='lat' dir='ltr'>eis;</span> <span class='ocrx_word' id='word_1_150' title='bbox 339 1803 410 1847; x_wconf 92' lang='lat' dir='ltr'>vel,</span> <span class='ocrx_word' id='word_1_151' title='bbox 432 1805 471 1838; x_wconf 78' lang='lat' dir='ltr'>in</span> <span class='ocrx_word' id='word_1_152' title='bbox 490 1806 596 1848; x_wconf 77' lang='lat' dir='ltr'>finem</span> <span class='ocrx_word' id='word_1_153' title='bbox 611 1832 619 1848; x_wconf 93' lang='lat'>,</span> <span class='ocrx_word' id='word_1_154' title='bbox 640 1804 677 1839; x_wconf 86' lang='lat' dir='ltr'>id</span> <span class='ocrx_word' id='word_1_155' title='bbox 701 1808 759 1840; x_wconf 85' lang='lat' dir='ltr'>est</span> <span class='ocrx_word' id='word_1_156' title='bbox 785 1815 920 1850; x_wconf 77' lang='lat' dir='ltr'>perse—</span> 
     </span>
     <span class='ocr_line' id='line_1_28' title="bbox 144 1850 919 1897; baseline 0.004 -14"><span class='ocrx_word' id='word_1_157' title='bbox 144 1853 318 1885; x_wconf 85' lang='lat' dir='ltr'>veranter</span> <span class='ocrx_word' id='word_1_158' title='bbox 358 1854 394 1886; x_wconf 88' lang='lat' dir='ltr'>et</span> <span class='ocrx_word' id='word_1_159' title='bbox 434 1850 468 1885; x_wconf 81' lang='lat' dir='ltr'>in</span> <span class='ocrx_word' id='word_1_160' title='bbox 505 1854 679 1895; x_wconf 83' lang='lat' dir='ltr'>mortem,</span> <span class='ocrx_word' id='word_1_161' title='bbox 712 1862 785 1887; x_wconf 89' lang='lat' dir='ltr'>non</span> <span class='ocrx_word' id='word_1_162' title='bbox 821 1852 919 1897; x_wconf 81' lang='lat' dir='ltr'>quod</span> 
     </span>
     <span class='ocr_line' id='line_1_29' title="bbox 143 1896 919 1942; baseline 0.003 -11"><span class='ocrx_word' id='word_1_163' title='bbox 143 1901 265 1932; x_wconf 90' lang='lat' dir='ltr'>morte</span> <span class='ocrx_word' id='word_1_164' title='bbox 297 1896 565 1933; x_wconf 84' lang='lat' dir='ltr'>terminaretur</span> <span class='ocrx_word' id='word_1_165' title='bbox 594 1898 759 1942; x_wconf 85' lang='lat' dir='ltr'>dilectio,</span> <span class='ocrx_word' id='word_1_166' title='bbox 788 1900 851 1934; x_wconf 78' lang='lat' dir='ltr'>sed</span> <span class='ocrx_word' id='word_1_167' title='bbox 882 1898 919 1934; x_wconf 90' lang='lat' dir='ltr'>in</span> 
     </span>
     <span class='ocr_line' id='line_1_30' title="bbox 142 1944 917 1991; baseline 0.004 -13"><span class='ocrx_word' id='word_1_168' title='bbox 142 1945 286 1980; x_wconf 86' lang='lat' dir='ltr'>tantum</span> <span class='ocrx_word' id='word_1_169' title='bbox 305 1944 431 1979; x_wconf 85' lang='lat' dir='ltr'>dilexit</span> <span class='ocrx_word' id='word_1_170' title='bbox 445 1945 544 1990; x_wconf 88' lang='lat' dir='ltr'>quod</span> <span class='ocrx_word' id='word_1_171' title='bbox 556 1956 675 1991; x_wconf 84' lang='lat' dir='ltr'>usque</span> <span class='ocrx_word' id='word_1_172' title='bbox 691 1946 738 1981; x_wconf 85' lang='lat' dir='ltr'>ad</span> <span class='ocrx_word' id='word_1_173' title='bbox 758 1949 917 1981; x_wconf 88' lang='lat' dir='ltr'>mortem</span> 
     </span>
     <span class='ocr_line' id='line_1_31' title="bbox 142 1990 919 2038; baseline 0.004 -13"><span class='ocrx_word' id='word_1_174' title='bbox 142 1990 292 2027; x_wconf 87' lang='lat' dir='ltr'>dilectio</span> <span class='ocrx_word' id='word_1_175' title='bbox 313 2002 398 2027; x_wconf 91' lang='lat' dir='ltr'>eum</span> <span class='ocrx_word' id='word_1_176' title='bbox 420 1992 603 2038; x_wconf 75' lang='lat' dir='ltr'>perduxit,</span> <span class='ocrx_word' id='word_1_177' title='bbox 628 1994 665 2028; x_wconf 93' lang='lat' dir='ltr'>in</span> <span class='ocrx_word' id='word_1_178' title='bbox 693 2003 765 2038; x_wconf 85' lang='lat' dir='ltr'>quo</span> <span class='ocrx_word' id='word_1_179' title='bbox 787 2003 919 2028; x_wconf 75' lang='lat' dir='ltr'>exem-</span> 
     </span>
     <span class='ocr_line' id='line_1_32' title="bbox 141 2037 921 2083; baseline 0.001 -10"><span class='ocrx_word' id='word_1_180' title='bbox 141 2037 245 2083; x_wconf 89' lang='lat' dir='ltr'>plum</span> <span class='ocrx_word' id='word_1_181' title='bbox 286 2038 411 2082; x_wconf 78' lang='lat' dir='ltr'>dedit,</span> <span class='ocrx_word' id='word_1_182' title='bbox 447 2043 487 2074; x_wconf 90' lang='lat' dir='ltr'>ut</span> <span class='ocrx_word' id='word_1_183' title='bbox 534 2050 665 2075; x_wconf 87' lang='lat' dir='ltr'>omnes</span> <span class='ocrx_word' id='word_1_184' title='bbox 700 2040 738 2075; x_wconf 91' lang='lat' dir='ltr'>in</span> <span class='ocrx_word' id='word_1_185' title='bbox 776 2040 840 2076; x_wconf 86' lang='lat' dir='ltr'>Dei</span> <span class='ocrx_word' id='word_1_186' title='bbox 883 2045 921 2076; x_wconf 89' lang='lat' dir='ltr'>et</span> 
     </span>
     <span class='ocr_line' id='line_1_33' title="bbox 141 2084 920 2133; baseline 0.003 -13"><span class='ocrx_word' id='word_1_187' title='bbox 141 2084 302 2131; x_wconf 83' lang='lat' dir='ltr'>proximi</span> <span class='ocrx_word' id='word_1_188' title='bbox 327 2085 482 2122; x_wconf 87' lang='lat' dir='ltr'>caritate</span> <span class='ocrx_word' id='word_1_189' title='bbox 506 2098 623 2132; x_wconf 85' lang='lat' dir='ltr'>usque</span> <span class='ocrx_word' id='word_1_190' title='bbox 643 2087 681 2122; x_wconf 96' lang='lat' dir='ltr'>in</span> <span class='ocrx_word' id='word_1_191' title='bbox 702 2087 817 2123; x_wconf 80' lang='lat' dir='ltr'>finem</span> <span class='ocrx_word' id='word_1_192' title='bbox 838 2098 920 2133; x_wconf 87' lang='lat' dir='ltr'>per-</span> 
     </span>
     <span class='ocr_line' id='line_1_34' title="bbox 144 2133 920 2179; baseline 0.001 -11"><span class='ocrx_word' id='word_1_193' title='bbox 144 2135 343 2176; x_wconf 85' lang='lat' dir='ltr'>maneant;</span> <span class='ocrx_word' id='word_1_194' title='bbox 370 2133 442 2176; x_wconf 81' lang='lat' dir='ltr'>vel,</span> <span class='ocrx_word' id='word_1_195' title='bbox 475 2136 514 2169; x_wconf 82' lang='lat' dir='ltr'>in</span> <span class='ocrx_word' id='word_1_196' title='bbox 546 2136 651 2179; x_wconf 75' lang='lat' dir='ltr'>finem</span> <span class='ocrx_word' id='word_1_197' title='bbox 671 2162 679 2177; x_wconf 93' lang='lat'>,</span> <span class='ocrx_word' id='word_1_198' title='bbox 709 2133 745 2169; x_wconf 86' lang='lat' dir='ltr'>id</span> <span class='ocrx_word' id='word_1_199' title='bbox 790 2138 846 2169; x_wconf 85' lang='lat' dir='ltr'>est</span> <span class='ocrx_word' id='word_1_200' title='bbox 882 2134 920 2169; x_wconf 89' lang='lat' dir='ltr'>in</span> 
     </span>
     <span class='ocr_line' id='line_1_35' title="bbox 145 2179 922 2227; baseline 0.004 -13"><span class='ocrx_word' id='word_1_201' title='bbox 145 2179 349 2223; x_wconf 82' lang='lat' dir='ltr'>Christum,</span> <span class='ocrx_word' id='word_1_202' title='bbox 375 2180 437 2226; x_wconf 89' lang='lat' dir='ltr'>qui</span> <span class='ocrx_word' id='word_1_203' title='bbox 467 2183 523 2216; x_wconf 86' lang='lat' dir='ltr'>est</span> <span class='ocrx_word' id='word_1_204' title='bbox 549 2180 635 2216; x_wconf 83' lang='lat' dir='ltr'>finis</span> <span class='ocrx_word' id='word_1_205' title='bbox 660 2181 859 2227; x_wconf 83' lang='lat' dir='ltr'>perficiens</span> <span class='ocrx_word' id='word_1_206' title='bbox 886 2184 922 2217; x_wconf 89' lang='lat' dir='ltr'>et</span> 
     </span>
     <span class='ocr_line' id='line_1_36' title="bbox 144 2227 921 2273; baseline 0.001 -11"><span class='ocrx_word' id='word_1_207' title='bbox 144 2236 422 2271; x_wconf 87' lang='lat' dir='ltr'>consummans,</span> <span class='ocrx_word' id='word_1_208' title='bbox 441 2227 568 2263; x_wconf 88' lang='lat' dir='ltr'>dilexit</span> <span class='ocrx_word' id='word_1_209' title='bbox 587 2238 649 2263; x_wconf 86' lang='lat' dir='ltr'>eos</span> <span class='ocrx_word' id='word_1_210' title='bbox 666 2228 806 2273; x_wconf 82' lang='lat' dir='ltr'>utique,</span> <span class='ocrx_word' id='word_1_211' title='bbox 828 2232 865 2263; x_wconf 84' lang='lat' dir='ltr'>nt</span> <span class='ocrx_word' id='word_1_212' title='bbox 886 2232 921 2263; x_wconf 88' lang='lat' dir='ltr'>et</span> 
     </span>
     <span class='ocr_line' id='line_1_37' title="bbox 142 2273 921 2319; baseline 0.004 -11"><span class='ocrx_word' id='word_1_213' title='bbox 142 2273 214 2319; x_wconf 90' lang='lat' dir='ltr'>ipsi</span> <span class='ocrx_word' id='word_1_214' title='bbox 251 2274 295 2309; x_wconf 90' lang='lat' dir='ltr'>de</span> <span class='ocrx_word' id='word_1_215' title='bbox 336 2275 406 2309; x_wconf 88' lang='lat' dir='ltr'>hoc</span> <span class='ocrx_word' id='word_1_216' title='bbox 442 2276 580 2310; x_wconf 84' lang='lat' dir='ltr'>mundo</span> <span class='ocrx_word' id='word_1_217' title='bbox 619 2275 683 2310; x_wconf 83' lang='lat' dir='ltr'>ubi</span> <span class='ocrx_word' id='word_1_218' title='bbox 721 2279 839 2314; x_wconf 64' lang='lat' dir='ltr'>erant,</span> <span class='ocrx_word' id='word_1_219' title='bbox 874 2275 921 2311; x_wconf 85' lang='lat' dir='ltr'>ad</span> 
     </span>
     <span class='ocr_line' id='line_1_38' title="bbox 143 2321 921 2366; baseline 0.003 -11"><span class='ocrx_word' id='word_1_220' title='bbox 143 2325 255 2366; x_wconf 80' lang='lat' dir='ltr'>caput</span> <span class='ocrx_word' id='word_1_221' title='bbox 295 2331 404 2356; x_wconf 91' lang='lat' dir='ltr'>suum</span> <span class='ocrx_word' id='word_1_222' title='bbox 421 2351 429 2363; x_wconf 86' lang='lat'>,</span> <span class='ocrx_word' id='word_1_223' title='bbox 467 2322 566 2366; x_wconf 78' lang='lat' dir='ltr'>quod</span> <span class='ocrx_word' id='word_1_224' title='bbox 601 2321 687 2357; x_wconf 88' lang='lat' dir='ltr'>hinc</span> <span class='ocrx_word' id='word_1_225' title='bbox 724 2322 921 2358; x_wconf 81' lang='lat' dir='ltr'>transisset</span> 
     </span>
     <span class='ocr_line' id='line_1_39' title="bbox 144 2367 920 2413; baseline 0.003 -10"><span class='ocrx_word' id='word_1_226' title='bbox 144 2368 224 2413; x_wconf 88' lang='lat' dir='ltr'>ejus</span> <span class='ocrx_word' id='word_1_227' title='bbox 239 2367 453 2408; x_wconf 83' lang='lat' dir='ltr'>dilectione,</span> <span class='ocrx_word' id='word_1_228' title='bbox 469 2369 685 2404; x_wconf 81' lang='lat' dir='ltr'>transirent.</span> <span class='ocrx_word' id='word_1_229' title='bbox 705 2369 776 2404; x_wconf 87' lang='lat' dir='ltr'>Per</span> <span class='ocrx_word' id='word_1_230' title='bbox 792 2371 920 2405; x_wconf 85' lang='lat' dir='ltr'>Jesum</span> 
     </span>
     <span class='ocr_line' id='line_1_40' title="bbox 143 2414 919 2462; baseline 0.003 -12"><span class='ocrx_word' id='word_1_231' title='bbox 143 2414 204 2460; x_wconf 89' lang='lat' dir='ltr'>qui</span> <span class='ocrx_word' id='word_1_232' title='bbox 231 2415 331 2449; x_wconf 80' lang='lat' dir='ltr'>salus</span> <span class='ocrx_word' id='word_1_233' title='bbox 356 2414 640 2460; x_wconf 86' lang='lat' dir='ltr'>interpretatur,</span> <span class='ocrx_word' id='word_1_234' title='bbox 663 2416 785 2451; x_wconf 87' lang='lat' dir='ltr'>bonus</span> <span class='ocrx_word' id='word_1_235' title='bbox 815 2427 919 2462; x_wconf 78' lang='lat' dir='ltr'>prae—</span> 
     </span>
     <span class='ocr_line' id='line_1_41' title="bbox 141 2460 920 2507; baseline 0.004 -11"><span class='ocrx_word' id='word_1_236' title='bbox 141 2461 238 2496; x_wconf 85' lang='lat' dir='ltr'>latus</span> <span class='ocrx_word' id='word_1_237' title='bbox 262 2460 511 2507; x_wconf 72' lang='lat' dir='ltr'>significatur,</span> <span class='ocrx_word' id='word_1_238' title='bbox 535 2461 622 2497; x_wconf 83' lang='lat' dir='ltr'>finis</span> <span class='ocrx_word' id='word_1_239' title='bbox 645 2473 732 2497; x_wconf 86' lang='lat' dir='ltr'>vero</span> <span class='ocrx_word' id='word_1_240' title='bbox 769 2463 920 2499; x_wconf 85' lang='lat' dir='ltr'>ultimus</span> 
     </span>
     <span class='ocr_line' id='line_1_42' title="bbox 141 2508 917 2555; baseline 0.004 -12"><span class='ocrx_word' id='word_1_241' title='bbox 141 2512 198 2544; x_wconf 88' lang='lat' dir='ltr'>est</span> <span class='ocrx_word' id='word_1_242' title='bbox 227 2508 419 2544; x_wconf 87' lang='lat' dir='ltr'>beatitudo</span> <span class='ocrx_word' id='word_1_243' title='bbox 445 2519 548 2553; x_wconf 88' lang='lat' dir='ltr'>vera,</span> <span class='ocrx_word' id='word_1_244' title='bbox 571 2520 654 2555; x_wconf 82' lang='lat' dir='ltr'>quae</span> <span class='ocrx_word' id='word_1_245' title='bbox 683 2510 855 2546; x_wconf 74' lang='lat' dir='ltr'>consistit</span> <span class='ocrx_word' id='word_1_246' title='bbox 878 2511 917 2546; x_wconf 92' lang='lat' dir='ltr'>in</span> 
     </span>
     <span class='ocr_line' id='line_1_43' title="bbox 141 2554 916 2601; baseline 0.003 -10"><span class='ocrx_word' id='word_1_247' title='bbox 141 2556 243 2591; x_wconf 90' lang='lat' dir='ltr'>clara</span> <span class='ocrx_word' id='word_1_248' title='bbox 272 2554 336 2590; x_wconf 90' lang='lat' dir='ltr'>Dei</span> <span class='ocrx_word' id='word_1_249' title='bbox 362 2554 507 2591; x_wconf 85' lang='lat' dir='ltr'>visione</span> <span class='ocrx_word' id='word_1_250' title='bbox 541 2561 578 2592; x_wconf 88' lang='lat' dir='ltr'>et</span> <span class='ocrx_word' id='word_1_251' title='bbox 618 2555 795 2592; x_wconf 82' lang='lat' dir='ltr'>fruitione</span> <span class='ocrx_word' id='word_1_252' title='bbox 833 2569 916 2601; x_wconf 84' lang='lat' dir='ltr'>per-</span> 
     </span>
     <span class='ocr_line' id='line_1_44' title="bbox 142 2602 919 2645; baseline 0.004 -8"><span class='ocrx_word' id='word_1_253' title='bbox 142 2602 257 2645; x_wconf 86' lang='lat' dir='ltr'>fecta;</span> <span class='ocrx_word' id='word_1_254' title='bbox 272 2602 358 2638; x_wconf 86' lang='lat' dir='ltr'>licet</span> <span class='ocrx_word' id='word_1_255' title='bbox 373 2608 498 2638; x_wconf 80' lang='lat' dir='ltr'>autem</span> <span class='ocrx_word' id='word_1_256' title='bbox 513 2602 637 2638; x_wconf 89' lang='lat' dir='ltr'>omnis</span> <span class='ocrx_word' id='word_1_257' title='bbox 654 2603 765 2639; x_wconf 90' lang='lat' dir='ltr'>homo</span> <span class='ocrx_word' id='word_1_258' title='bbox 783 2604 919 2641; x_wconf 87' lang='lat' dir='ltr'>debeat</span> 
     </span>
     <span class='ocr_line' id='line_1_45' title="bbox 141 2650 916 2697; baseline 0.003 -12"><span class='ocrx_word' id='word_1_259' title='bbox 141 2650 188 2685; x_wconf 86' lang='lat' dir='ltr'>ad</span> <span class='ocrx_word' id='word_1_260' title='bbox 222 2650 320 2685; x_wconf 87' lang='lat' dir='ltr'>hunc</span> <span class='ocrx_word' id='word_1_261' title='bbox 360 2650 471 2685; x_wconf 84' lang='lat' dir='ltr'>finem</span> <span class='ocrx_word' id='word_1_262' title='bbox 502 2651 713 2696; x_wconf 85' lang='lat' dir='ltr'>proximum</span> <span class='ocrx_word' id='word_1_263' title='bbox 745 2651 916 2697; x_wconf 85' lang='lat' dir='ltr'>diligere,</span> 
     </span>
     <span class='ocr_line' id='line_1_46' title="bbox 140 2696 914 2743; baseline 0.004 -12"><span class='ocrx_word' id='word_1_264' title='bbox 140 2696 317 2742; x_wconf 68' lang='lat' dir='ltr'>prfelatus</span> <span class='ocrx_word' id='word_1_265' title='bbox 334 2698 476 2739; x_wconf 86' lang='lat' dir='ltr'>tamen,</span> <span class='ocrx_word' id='word_1_266' title='bbox 496 2696 558 2743; x_wconf 92' lang='lat' dir='ltr'>qui</span> <span class='ocrx_word' id='word_1_267' title='bbox 580 2700 636 2732; x_wconf 89' lang='lat' dir='ltr'>est</span> <span class='ocrx_word' id='word_1_268' title='bbox 658 2697 792 2733; x_wconf 85' lang='lat' dir='ltr'>Christi</span> <span class='ocrx_word' id='word_1_269' title='bbox 814 2698 914 2734; x_wconf 84' lang='lat' dir='ltr'>vica·</span> 
     </span>
     <span class='ocr_line' id='line_1_47' title="bbox 142 2743 917 2790; baseline 0.005 -12"><span class='ocrx_word' id='word_1_270' title='bbox 142 2743 231 2787; x_wconf 86' lang='lat' dir='ltr'>rius,</span> <span class='ocrx_word' id='word_1_271' title='bbox 269 2743 481 2789; x_wconf 80' lang='lat' dir='ltr'>specialiter</span> <span class='ocrx_word' id='word_1_272' title='bbox 513 2747 662 2780; x_wconf 83' lang='lat' dir='ltr'>tenetur</span> <span class='ocrx_word' id='word_1_273' title='bbox 698 2754 788 2790; x_wconf 83' lang='lat' dir='ltr'>erga.</span> <span class='ocrx_word' id='word_1_274' title='bbox 829 2755 917 2782; x_wconf 86' lang='lat' dir='ltr'>suos</span> 
     </span>
     <span class='ocr_line' id='line_1_48' title="bbox 142 2790 571 2828; baseline 0.002 -2"><span class='ocrx_word' id='word_1_275' title='bbox 142 2790 311 2827; x_wconf 85' lang='lat' dir='ltr'>subditos</span> <span class='ocrx_word' id='word_1_276' title='bbox 334 2791 414 2827; x_wconf 81' lang='lat' dir='ltr'>haec</span> <span class='ocrx_word' id='word_1_277' title='bbox 435 2791 571 2828; x_wconf 79' lang='lat' dir='ltr'>facere.</span> 
     </span>
    </p>
   </div>
   <div class='ocr_carea' id='block_1_7' title="bbox 989 864 1773 2181">
    <p class='ocr_par' dir='ltr' id='par_1_7' title="bbox 989 864 1773 2181">
     <span class='ocr_line' id='line_1_49' title="bbox 1045 864 1769 901; baseline 0 -1"><span class='ocrx_word' id='word_1_278' title='bbox 1045 877 1062 900; x_wconf 83' lang='lat'><strong>2</strong></span> <span class='ocrx_word' id='word_1_279' title='bbox 1083 864 1257 900; x_wconf 75' lang='lat' dir='ltr'>Cnnxsws</span> <span class='ocrx_word' id='word_1_280' title='bbox 1275 874 1399 900; x_wconf 77' lang='lat' dir='ltr'>sunem·</span> <span class='ocrx_word' id='word_1_281' title='bbox 1417 876 1439 900; x_wconf 79' lang='lat' dir='ltr'>A</span> <span class='ocrx_word' id='word_1_282' title='bbox 1459 875 1559 901; x_wconf 80' lang='lat' dir='ltr'>COENA</span> <span class='ocrx_word' id='word_1_283' title='bbox 1580 875 1688 900; x_wconf 64' lang='lat' dir='ltr'>panes</span> <span class='ocrx_word' id='word_1_284' title='bbox 1706 876 1769 900; x_wconf 85' lang='lat' dir='ltr'>m-</span> 
     </span>
     <span class='ocr_line' id='line_1_50' title="bbox 997 913 1768 956; baseline 0 -10"><span class='ocrx_word' id='word_1_285' title='bbox 997 922 1149 947; x_wconf 69' lang='lat' dir='ltr'>scxpums</span> <span class='ocrx_word' id='word_1_286' title='bbox 1170 923 1390 948; x_wconf 72' lang='lat' dir='ltr'><strong>LAVATURHS.</strong></span> <span class='ocrx_word' id='word_1_287' title='bbox 1411 932 1454 937; x_wconf 84' lang='lat'>—</span> <span class='ocrx_word' id='word_1_288' title='bbox 1472 914 1518 947; x_wconf 76' lang='lat' dir='ltr'>Et</span> <span class='ocrx_word' id='word_1_289' title='bbox 1537 923 1634 947; x_wconf 81' lang='lat' dir='ltr'>coena</span> <span class='ocrx_word' id='word_1_290' title='bbox 1653 913 1768 956; x_wconf 73' lang='lat' dir='ltr'>facta,</span> 
     </span>
     <span class='ocr_line' id='line_1_51' title="bbox 995 957 1771 1004; baseline 0.001 -11"><span class='ocrx_word' id='word_1_291' title='bbox 995 957 1135 994; x_wconf 71' lang='lat' dir='ltr'>scilicet</span> <span class='ocrx_word' id='word_1_292' title='bbox 1160 959 1246 1004; x_wconf 86' lang='lat' dir='ltr'>agui</span> <span class='ocrx_word' id='word_1_293' title='bbox 1276 958 1473 1003; x_wconf 64' lang='lat' dir='ltr'>paschalis,</span> <span class='ocrx_word' id='word_1_294' title='bbox 1501 971 1579 994; x_wconf 82' lang='lat' dir='ltr'>cum</span> <span class='ocrx_word' id='word_1_295' title='bbox 1602 960 1771 994; x_wconf 71' lang='lat' dir='ltr'>diabolus</span> 
     </span>
     <span class='ocr_line' id='line_1_52' title="bbox 989 1005 1772 1050; baseline 0.001 -10"><span class='ocrx_word' id='word_1_296' title='bbox 989 1005 1069 1050; x_wconf 77' lang='lat' dir='ltr'>jam</span> <span class='ocrx_word' id='word_1_297' title='bbox 1090 1008 1248 1041; x_wconf 72' lang='lat' dir='ltr'>misisset</span> <span class='ocrx_word' id='word_1_298' title='bbox 1264 1008 1303 1041; x_wconf 81' lang='lat' dir='ltr'>in</span> <span class='ocrx_word' id='word_1_299' title='bbox 1323 1017 1393 1048; x_wconf 78' lang='lat' dir='ltr'>cor,</span> <span class='ocrx_word' id='word_1_300' title='bbox 1412 1006 1448 1041; x_wconf 90' lang='lat' dir='ltr'>id</span> <span class='ocrx_word' id='word_1_301' title='bbox 1470 1009 1524 1041; x_wconf 86' lang='lat' dir='ltr'>est</span> <span class='ocrx_word' id='word_1_302' title='bbox 1545 1006 1583 1041; x_wconf 90' lang='lat' dir='ltr'>in</span> <span class='ocrx_word' id='word_1_303' title='bbox 1606 1007 1772 1042; x_wconf 86' lang='lat' dir='ltr'>volunta-</span> 
     </span>
     <span class='ocr_line' id='line_1_53' title="bbox 994 1053 1769 1098; baseline 0.003 -11"><span class='ocrx_word' id='word_1_304' title='bbox 994 1056 1068 1088; x_wconf 90' lang='lat' dir='ltr'>tem</span> <span class='ocrx_word' id='word_1_305' title='bbox 1087 1053 1207 1097; x_wconf 84' lang='lat' dir='ltr'>Judae,</span> <span class='ocrx_word' id='word_1_306' title='bbox 1234 1064 1309 1088; x_wconf 92' lang='lat' dir='ltr'>non</span> <span class='ocrx_word' id='word_1_307' title='bbox 1331 1054 1469 1089; x_wconf 84' lang='lat' dir='ltr'>directe</span> <span class='ocrx_word' id='word_1_308' title='bbox 1493 1058 1681 1098; x_wconf 79' lang='lat' dir='ltr'>tamquam</span> <span class='ocrx_word' id='word_1_309' title='bbox 1702 1064 1769 1089; x_wconf 83' lang='lat' dir='ltr'>vo-</span> 
     </span>
     <span class='ocr_line' id='line_1_54' title="bbox 994 1099 1769 1143; baseline 0.003 -9"><span class='ocrx_word' id='word_1_310' title='bbox 994 1099 1173 1136; x_wconf 86' lang='lat' dir='ltr'>luntatem</span> <span class='ocrx_word' id='word_1_311' title='bbox 1197 1111 1362 1143; x_wconf 85' lang='lat' dir='ltr'>movens,</span> <span class='ocrx_word' id='word_1_312' title='bbox 1387 1101 1452 1136; x_wconf 88' lang='lat' dir='ltr'>sed</span> <span class='ocrx_word' id='word_1_313' title='bbox 1474 1100 1653 1136; x_wconf 88' lang='lat' dir='ltr'>indirecte</span> <span class='ocrx_word' id='word_1_314' title='bbox 1673 1103 1769 1136; x_wconf 85' lang='lat' dir='ltr'>tam-</span> 
     </span>
     <span class='ocr_line' id='line_1_55' title="bbox 994 1146 1768 1193; baseline 0.001 -12"><span class='ocrx_word' id='word_1_315' title='bbox 994 1157 1105 1192; x_wconf 88' lang='lat' dir='ltr'>quam</span> <span class='ocrx_word' id='word_1_316' title='bbox 1130 1146 1163 1183; x_wconf 91' lang='lat' dir='ltr'>ei</span> <span class='ocrx_word' id='word_1_317' title='bbox 1191 1158 1408 1193; x_wconf 82' lang='lat' dir='ltr'>suggerens,</span> <span class='ocrx_word' id='word_1_318' title='bbox 1433 1151 1472 1182; x_wconf 83' lang='lat' dir='ltr'>ut</span> <span class='ocrx_word' id='word_1_319' title='bbox 1497 1149 1656 1182; x_wconf 72' lang='lat' dir='ltr'>traderet</span> <span class='ocrx_word' id='word_1_320' title='bbox 1675 1158 1768 1192; x_wconf 82' lang='lat' dir='ltr'>eum,</span> 
     </span>
     <span class='ocr_line' id='line_1_56' title="bbox 994 1193 1768 1233; baseline 0.003 -5"><span class='ocrx_word' id='word_1_321' title='bbox 994 1193 1136 1230; x_wconf 88' lang='lat' dir='ltr'>scilicet</span> <span class='ocrx_word' id='word_1_322' title='bbox 1155 1196 1295 1233; x_wconf 77' lang='lat' dir='ltr'>Jesum‚</span> <span class='ocrx_word' id='word_1_323' title='bbox 1312 1195 1426 1229; x_wconf 78' lang='lat' dir='ltr'>Judas</span> <span class='ocrx_word' id='word_1_324' title='bbox 1443 1196 1601 1230; x_wconf 78' lang='lat' dir='ltr'>Simonis</span> <span class='ocrx_word' id='word_1_325' title='bbox 1615 1196 1768 1230; x_wconf 78' lang='lat' dir='ltr'>Iscario-</span> 
     </span>
     <span class='ocr_line' id='line_1_57' title="bbox 995 1241 1771 1288; baseline 0.001 -12"><span class='ocrx_word' id='word_1_326' title='bbox 995 1241 1466 1287; x_wconf 80' lang='lat' dir='ltr'>tae,conseusitiniquitati:</span> <span class='ocrx_word' id='word_1_327' title='bbox 1483 1241 1542 1277; x_wconf 89' lang='lat' dir='ltr'>die</span> <span class='ocrx_word' id='word_1_328' title='bbox 1561 1244 1661 1277; x_wconf 91' lang='lat' dir='ltr'>enim</span> <span class='ocrx_word' id='word_1_329' title='bbox 1678 1252 1771 1288; x_wconf 84' lang='lat' dir='ltr'>prae-</span> 
     </span>
     <span class='ocr_line' id='line_1_58' title="bbox 994 1288 1771 1334; baseline 0.001 -11"><span class='ocrx_word' id='word_1_330' title='bbox 994 1288 1139 1324; x_wconf 84' lang='lat' dir='ltr'>cedenti</span> <span class='ocrx_word' id='word_1_331' title='bbox 1173 1299 1257 1324; x_wconf 91' lang='lat' dir='ltr'>eum</span> <span class='ocrx_word' id='word_1_332' title='bbox 1285 1288 1505 1324; x_wconf 82' lang='lat' dir='ltr'>vendiderat</span> <span class='ocrx_word' id='word_1_333' title='bbox 1533 1288 1771 1334; x_wconf 81' lang='lat' dir='ltr'>suggestione</span> 
     </span>
     <span class='ocr_line' id='line_1_59' title="bbox 995 1335 1771 1382; baseline 0.003 -12"><span class='ocrx_word' id='word_1_334' title='bbox 995 1335 1146 1372; x_wconf 84' lang='lat' dir='ltr'>diaboli.</span> <span class='ocrx_word' id='word_1_335' title='bbox 1171 1335 1347 1371; x_wconf 87' lang='lat' dir='ltr'>Diabolus</span> <span class='ocrx_word' id='word_1_336' title='bbox 1368 1336 1506 1382; x_wconf 80' lang='lat' dir='ltr'>quippe</span> <span class='ocrx_word' id='word_1_337' title='bbox 1527 1346 1603 1371; x_wconf 92' lang='lat' dir='ltr'>non</span> <span class='ocrx_word' id='word_1_338' title='bbox 1626 1339 1683 1372; x_wconf 89' lang='lat' dir='ltr'>est</span> <span class='ocrx_word' id='word_1_339' title='bbox 1705 1335 1771 1372; x_wconf 89' lang='lat' dir='ltr'>im-</span> 
     </span>
     <span class='ocr_line' id='line_1_60' title="bbox 994 1382 1772 1428; baseline 0.001 -11"><span class='ocrx_word' id='word_1_340' title='bbox 994 1382 1128 1418; x_wconf 87' lang='lat' dir='ltr'>missor</span> <span class='ocrx_word' id='word_1_341' title='bbox 1142 1382 1410 1428; x_wconf 88' lang='lat' dir='ltr'>cogitationum</span> <span class='ocrx_word' id='word_1_342' title='bbox 1425 1383 1623 1427; x_wconf 87' lang='lat' dir='ltr'>malarum,</span> <span class='ocrx_word' id='word_1_343' title='bbox 1639 1383 1703 1418; x_wconf 90' lang='lat' dir='ltr'>sed</span> <span class='ocrx_word' id='word_1_344' title='bbox 1719 1382 1772 1418; x_wconf 92' lang='lat' dir='ltr'>in-</span> 
     </span>
     <span class='ocr_line' id='line_1_61' title="bbox 994 1428 1773 1476; baseline 0 -11"><span class='ocrx_word' id='word_1_345' title='bbox 994 1440 1145 1476; x_wconf 69' lang='lat' dir='ltr'>censor,</span> <span class='ocrx_word' id='word_1_346' title='bbox 1169 1429 1257 1475; x_wconf 89' lang='lat' dir='ltr'>quia</span> <span class='ocrx_word' id='word_1_347' title='bbox 1278 1429 1435 1465; x_wconf 88' lang='lat' dir='ltr'>tentatio</span> <span class='ocrx_word' id='word_1_348' title='bbox 1454 1440 1569 1476; x_wconf 84' lang='lat' dir='ltr'>prava</span> <span class='ocrx_word' id='word_1_349' title='bbox 1591 1441 1632 1465; x_wconf 83' lang='lat' dir='ltr'>ex</span> <span class='ocrx_word' id='word_1_350' title='bbox 1655 1428 1773 1465; x_wconf 90' lang='lat' dir='ltr'>homi-</span> 
     </span>
     <span class='ocr_line' id='line_1_62' title="bbox 994 1476 1770 1521; baseline 0 -9"><span class='ocrx_word' id='word_1_351' title='bbox 994 1488 1040 1512; x_wconf 89' lang='lat' dir='ltr'>ne</span> <span class='ocrx_word' id='word_1_352' title='bbox 1063 1480 1133 1520; x_wconf 79' lang='lat' dir='ltr'>est,</span> <span class='ocrx_word' id='word_1_353' title='bbox 1156 1487 1267 1521; x_wconf 85' lang='lat' dir='ltr'>quam</span> <span class='ocrx_word' id='word_1_354' title='bbox 1295 1476 1464 1512; x_wconf 79' lang='lat' dir='ltr'>diabolus</span> <span class='ocrx_word' id='word_1_355' title='bbox 1491 1488 1565 1512; x_wconf 88' lang='lat' dir='ltr'>non</span> <span class='ocrx_word' id='word_1_356' title='bbox 1588 1476 1770 1521; x_wconf 86' lang='lat' dir='ltr'>immittit,</span> 
     </span>
     <span class='ocr_line' id='line_1_63' title="bbox 995 1523 1772 1570; baseline 0.003 -12"><span class='ocrx_word' id='word_1_357' title='bbox 995 1524 1059 1559; x_wconf 88' lang='lat' dir='ltr'>sed</span> <span class='ocrx_word' id='word_1_358' title='bbox 1075 1523 1281 1559; x_wconf 83' lang='lat' dir='ltr'>immissam</span> <span class='ocrx_word' id='word_1_359' title='bbox 1298 1524 1343 1559; x_wconf 90' lang='lat' dir='ltr'>ab</span> <span class='ocrx_word' id='word_1_360' title='bbox 1358 1523 1509 1559; x_wconf 86' lang='lat' dir='ltr'>homine</span> <span class='ocrx_word' id='word_1_361' title='bbox 1522 1524 1641 1570; x_wconf 89' lang='lat' dir='ltr'>magis</span> <span class='ocrx_word' id='word_1_362' title='bbox 1653 1524 1772 1560; x_wconf 88' lang='lat' dir='ltr'>inten-</span> 
     </span>
     <span class='ocr_line' id='line_1_64' title="bbox 994 1570 1772 1614; baseline 0.001 -9"><span class='ocrx_word' id='word_1_363' title='bbox 994 1570 1061 1614; x_wconf 86' lang='lat' dir='ltr'>dit,</span> <span class='ocrx_word' id='word_1_364' title='bbox 1095 1574 1131 1605; x_wconf 87' lang='lat' dir='ltr'>et</span> <span class='ocrx_word' id='word_1_365' title='bbox 1163 1570 1347 1614; x_wconf 82' lang='lat' dir='ltr'>accendit,</span> <span class='ocrx_word' id='word_1_366' title='bbox 1374 1570 1579 1607; x_wconf 81' lang='lat' dir='ltr'>tentatione</span> <span class='ocrx_word' id='word_1_367' title='bbox 1609 1570 1772 1606; x_wconf 91' lang='lat' dir='ltr'>hominis</span> 
     </span>
     <span class='ocr_line' id='line_1_65' title="bbox 995 1617 1767 1664; baseline 0.001 -12"><span class='ocrx_word' id='word_1_368' title='bbox 995 1621 1170 1663; x_wconf 81' lang='lat' dir='ltr'>percepta</span> <span class='ocrx_word' id='word_1_369' title='bbox 1194 1628 1260 1663; x_wconf 88' lang='lat' dir='ltr'>per</span> <span class='ocrx_word' id='word_1_370' title='bbox 1289 1617 1412 1663; x_wconf 87' lang='lat' dir='ltr'>aliqua</span> <span class='ocrx_word' id='word_1_371' title='bbox 1439 1618 1545 1664; x_wconf 86' lang='lat' dir='ltr'>signa</span> <span class='ocrx_word' id='word_1_372' title='bbox 1571 1618 1767 1654; x_wconf 80' lang='lat' dir='ltr'>exteriora.</span> 
     </span>
     <span class='ocr_line' id='line_1_66' title="bbox 995 1664 1769 1710; baseline 0.001 -11"><span class='ocrx_word' id='word_1_373' title='bbox 995 1664 1112 1700; x_wconf 89' lang='lat' dir='ltr'>Aliter</span> <span class='ocrx_word' id='word_1_374' title='bbox 1131 1664 1231 1701; x_wconf 90' lang='lat' dir='ltr'>enim</span> <span class='ocrx_word' id='word_1_375' title='bbox 1256 1675 1328 1699; x_wconf 86' lang='lat' dir='ltr'>non</span> <span class='ocrx_word' id='word_1_376' title='bbox 1349 1668 1469 1710; x_wconf 86' lang='lat' dir='ltr'>potest</span> <span class='ocrx_word' id='word_1_377' title='bbox 1495 1664 1683 1700; x_wconf 86' lang='lat' dir='ltr'>hominem</span> <span class='ocrx_word' id='word_1_378' title='bbox 1702 1665 1769 1700; x_wconf 87' lang='lat' dir='ltr'>de-</span> 
     </span>
     <span class='ocr_line' id='line_1_67' title="bbox 991 1711 1772 1757; baseline 0.001 -11"><span class='ocrx_word' id='word_1_379' title='bbox 991 1711 1121 1757; x_wconf 77' lang='lat' dir='ltr'>J&#39;icere,</span> <span class='ocrx_word' id='word_1_380' title='bbox 1144 1711 1213 1747; x_wconf 75' lang='lat' dir='ltr'>nisi</span> <span class='ocrx_word' id='word_1_381' title='bbox 1234 1712 1346 1747; x_wconf 89' lang='lat' dir='ltr'>homo</span> <span class='ocrx_word' id='word_1_382' title='bbox 1366 1711 1529 1757; x_wconf 85' lang='lat' dir='ltr'>seipsum</span> <span class='ocrx_word' id='word_1_383' title='bbox 1550 1711 1712 1757; x_wconf 80' lang='lat' dir='ltr'>dejiciat,</span> <span class='ocrx_word' id='word_1_384' title='bbox 1735 1714 1772 1747; x_wconf 89' lang='lat' dir='ltr'>et</span> 
     </span>
     <span class='ocr_line' id='line_1_68' title="bbox 996 1758 1771 1805; baseline 0.001 -12"><span class='ocrx_word' id='word_1_385' title='bbox 996 1758 1091 1794; x_wconf 83' lang='lat' dir='ltr'>hosti</span> <span class='ocrx_word' id='word_1_386' title='bbox 1111 1769 1216 1794; x_wconf 87' lang='lat' dir='ltr'>arma</span> <span class='ocrx_word' id='word_1_387' title='bbox 1236 1758 1381 1802; x_wconf 84' lang='lat' dir='ltr'>reddat,</span> <span class='ocrx_word' id='word_1_388' title='bbox 1402 1759 1439 1794; x_wconf 89' lang='lat' dir='ltr'>id</span> <span class='ocrx_word' id='word_1_389' title='bbox 1458 1762 1515 1794; x_wconf 88' lang='lat' dir='ltr'>est</span> <span class='ocrx_word' id='word_1_390' title='bbox 1541 1758 1611 1794; x_wconf 89' lang='lat' dir='ltr'>nisi</span> <span class='ocrx_word' id='word_1_391' title='bbox 1637 1769 1771 1805; x_wconf 84' lang='lat' dir='ltr'>sugge-</span> 
     </span>
     <span class='ocr_line' id='line_1_69' title="bbox 996 1805 1772 1850; baseline 0.003 -10"><span class='ocrx_word' id='word_1_392' title='bbox 996 1805 1106 1841; x_wconf 89' lang='lat' dir='ltr'>stioni</span> <span class='ocrx_word' id='word_1_393' title='bbox 1140 1805 1351 1841; x_wconf 86' lang='lat' dir='ltr'>consentiat</span> <span class='ocrx_word' id='word_1_394' title='bbox 1389 1816 1397 1840; x_wconf 77' lang='lat' dir='ltr'>t</span> <span class='ocrx_word' id='word_1_395' title='bbox 1431 1816 1532 1850; x_wconf 90' lang='lat' dir='ltr'>nam,</span> <span class='ocrx_word' id='word_1_396' title='bbox 1564 1806 1772 1842; x_wconf 79' lang='lat' dir='ltr'>secundum</span> 
     </span>
     <span class='ocr_line' id='line_1_70' title="bbox 995 1852 1771 1898; baseline 0 -10"><span class='ocrx_word' id='word_1_397' title='bbox 995 1854 1255 1897; x_wconf 66' lang='lat' dir='ltr'>Auyusttnum,</span> <span class='ocrx_word' id='word_1_398' title='bbox 1278 1863 1344 1898; x_wconf 88' lang='lat' dir='ltr'>per</span> <span class='ocrx_word' id='word_1_399' title='bbox 1366 1852 1557 1889; x_wconf 80' lang='lat' dir='ltr'>diabolum</span> <span class='ocrx_word' id='word_1_400' title='bbox 1580 1852 1771 1898; x_wconf 84' lang='lat' dir='ltr'>suggesti-</span> 
     </span>
     <span class='ocr_line' id='line_1_71' title="bbox 996 1899 1772 1946; baseline 0.001 -11"><span class='ocrx_word' id='word_1_401' title='bbox 996 1911 1086 1935; x_wconf 87' lang='lat' dir='ltr'>oues</span> <span class='ocrx_word' id='word_1_402' title='bbox 1104 1900 1369 1943; x_wconf 84' lang='lat' dir='ltr'>immittuntur,</span> <span class='ocrx_word' id='word_1_403' title='bbox 1389 1904 1425 1935; x_wconf 89' lang='lat' dir='ltr'>et</span> <span class='ocrx_word' id='word_1_404' title='bbox 1445 1900 1617 1936; x_wconf 82' lang='lat' dir='ltr'>humanis</span> <span class='ocrx_word' id='word_1_405' title='bbox 1633 1899 1772 1946; x_wconf 79' lang='lat' dir='ltr'>cogita-</span> 
     </span>
     <span class='ocr_line' id='line_1_72' title="bbox 995 1946 1772 1993; baseline 0.001 -11"><span class='ocrx_word' id='word_1_406' title='bbox 995 1947 1160 1983; x_wconf 85' lang='lat' dir='ltr'>tionibus</span> <span class='ocrx_word' id='word_1_407' title='bbox 1190 1947 1405 1982; x_wconf 86' lang='lat' dir='ltr'>miscentur.</span> <span class='ocrx_word' id='word_1_408' title='bbox 1430 1946 1492 1982; x_wconf 89' lang='lat' dir='ltr'>His</span> <span class='ocrx_word' id='word_1_409' title='bbox 1516 1958 1605 1993; x_wconf 89' lang='lat' dir='ltr'>ergo</span> <span class='ocrx_word' id='word_1_410' title='bbox 1632 1948 1684 1983; x_wconf 82' lang='lat' dir='ltr'>ita</span> <span class='ocrx_word' id='word_1_411' title='bbox 1709 1947 1772 1983; x_wconf 86' lang='lat' dir='ltr'>fa-</span> 
     </span>
     <span class='ocr_line' id='line_1_73' title="bbox 995 1994 1772 2039; baseline 0.001 -11"><span class='ocrx_word' id='word_1_412' title='bbox 995 1994 1075 2032; x_wconf 84' lang='lat' dir='ltr'>ctis.</span> <span class='ocrx_word' id='word_1_413' title='bbox 1092 1996 1220 2037; x_wconf 73' lang='lat' dir='ltr'>sciens,</span> <span class='ocrx_word' id='word_1_414' title='bbox 1238 1995 1348 2030; x_wconf 89' lang='lat' dir='ltr'>Jesus</span> <span class='ocrx_word' id='word_1_415' title='bbox 1364 1998 1403 2029; x_wconf 87' lang='lat' dir='ltr'>ut</span> <span class='ocrx_word' id='word_1_416' title='bbox 1420 1995 1530 2038; x_wconf 90' lang='lat' dir='ltr'>Deus,</span> <span class='ocrx_word' id='word_1_417' title='bbox 1544 1996 1632 2039; x_wconf 81' lang='lat' dir='ltr'>quia</span> <span class='ocrx_word' id='word_1_418' title='bbox 1650 1996 1772 2030; x_wconf 82' lang='lat' dir='ltr'>omnia</span> 
     </span>
     <span class='ocr_line' id='line_1_74' title="bbox 995 2041 1771 2087; baseline 0.003 -11"><span class='ocrx_word' id='word_1_419' title='bbox 995 2042 1097 2076; x_wconf 77' lang='lat' dir='ltr'>dedic</span> <span class='ocrx_word' id='word_1_420' title='bbox 1116 2043 1148 2076; x_wconf 76' lang='lat' dir='ltr'>ei</span> <span class='ocrx_word' id='word_1_421' title='bbox 1168 2043 1276 2077; x_wconf 67' lang='lat' dir='ltr'>Pater</span> <span class='ocrx_word' id='word_1_422' title='bbox 1292 2042 1330 2076; x_wconf 82' lang='lat' dir='ltr'>in</span> <span class='ocrx_word' id='word_1_423' title='bbox 1350 2051 1491 2086; x_wconf 80' lang='lat' dir='ltr'>manus,</span> <span class='ocrx_word' id='word_1_424' title='bbox 1516 2041 1552 2076; x_wconf 94' lang='lat' dir='ltr'>id</span> <span class='ocrx_word' id='word_1_425' title='bbox 1573 2044 1628 2077; x_wconf 90' lang='lat' dir='ltr'>est</span> <span class='ocrx_word' id='word_1_426' title='bbox 1648 2042 1683 2076; x_wconf 88' lang='lat' dir='ltr'>in</span> <span class='ocrx_word' id='word_1_427' title='bbox 1705 2051 1771 2087; x_wconf 90' lang='lat' dir='ltr'>po-</span> 
     </span>
     <span class='ocr_line' id='line_1_75' title="bbox 995 2087 1772 2133; baseline 0 -9"><span class='ocrx_word' id='word_1_428' title='bbox 995 2091 1182 2129; x_wconf 84' lang='lat' dir='ltr'>testatem,</span> <span class='ocrx_word' id='word_1_429' title='bbox 1211 2087 1324 2124; x_wconf 86' lang='lat' dir='ltr'>etiam</span> <span class='ocrx_word' id='word_1_430' title='bbox 1347 2087 1468 2133; x_wconf 87' lang='lat' dir='ltr'>ipsum</span> <span class='ocrx_word' id='word_1_431' title='bbox 1492 2088 1712 2124; x_wconf 85' lang='lat' dir='ltr'>traditorem</span> <span class='ocrx_word' id='word_1_432' title='bbox 1735 2090 1772 2124; x_wconf 84' lang='lat' dir='ltr'>et</span> 
     </span>
     <span class='ocr_line' id='line_1_76' title="bbox 996 2134 1771 2181; baseline -0.001 -10"><span class='ocrx_word' id='word_1_433' title='bbox 996 2140 1267 2181; x_wconf 82' lang='lat' dir='ltr'>persecutores,</span> <span class='ocrx_word' id='word_1_434' title='bbox 1290 2146 1333 2170; x_wconf 87' lang='lat' dir='ltr'>ex</span> <span class='ocrx_word' id='word_1_435' title='bbox 1350 2146 1422 2180; x_wconf 93' lang='lat' dir='ltr'>quo</span> <span class='ocrx_word' id='word_1_436' title='bbox 1442 2139 1545 2181; x_wconf 88' lang='lat' dir='ltr'>patet</span> <span class='ocrx_word' id='word_1_437' title='bbox 1563 2134 1603 2170; x_wconf 89' lang='lat' dir='ltr'>in</span> <span class='ocrx_word' id='word_1_438' title='bbox 1623 2135 1771 2171; x_wconf 87' lang='lat' dir='ltr'>Christo</span> 
     </span>
    </p>
   </div>
   <div class='ocr_carea' id='block_1_8' title="bbox 995 2181 1832 2228">
    <p class='ocr_par' dir='ltr' id='par_1_8' title="bbox 995 2181 1832 2228">
     <span class='ocr_line' id='line_1_77' title="bbox 995 2181 1832 2228; baseline 0.001 -11"><span class='ocrx_word' id='word_1_439' title='bbox 995 2182 1187 2228; x_wconf 84' lang='lat' dir='ltr'>plenitudo</span> <span class='ocrx_word' id='word_1_440' title='bbox 1224 2182 1388 2218; x_wconf 83' lang='lat' dir='ltr'>scientiae</span> <span class='ocrx_word' id='word_1_441' title='bbox 1424 2185 1461 2217; x_wconf 90' lang='lat' dir='ltr'>et</span> <span class='ocrx_word' id='word_1_442' title='bbox 1491 2181 1705 2228; x_wconf 85' lang='lat' dir='ltr'>potestatis;</span> <span class='ocrx_word' id='word_1_443' title='bbox 1737 2184 1773 2218; x_wconf 76' lang='lat' dir='ltr'>et</span> <span class='ocrx_word' id='word_1_444' title='bbox 1828 2190 1832 2196; x_wconf 87' lang='grc'><strong>’</strong></span> 
     </span>
    </p>
   </div>
   <div class='ocr_carea' id='block_1_9' title="bbox 993 2228 1773 2839">
    <p class='ocr_par' dir='ltr' id='par_1_9' title="bbox 993 2228 1773 2839">
     <span class='ocr_line' id='line_1_78' title="bbox 998 2228 1770 2274; baseline 0 -10"><span class='ocrx_word' id='word_1_445' title='bbox 998 2232 1086 2274; x_wconf 78' lang='lat' dir='ltr'>quia</span> <span class='ocrx_word' id='word_1_446' title='bbox 1098 2241 1120 2264; x_wconf 83' lang='lat' dir='ltr'>a</span> <span class='ocrx_word' id='word_1_447' title='bbox 1134 2232 1204 2265; x_wconf 84' lang='lat' dir='ltr'>Deo</span> <span class='ocrx_word' id='word_1_448' title='bbox 1218 2231 1333 2265; x_wconf 67' lang='lat' dir='ltr'>exivit</span> <span class='ocrx_word' id='word_1_449' title='bbox 1350 2229 1582 2265; x_wconf 88' lang='lat' dir='ltr'>inmundum</span> <span class='ocrx_word' id='word_1_450' title='bbox 1600 2228 1770 2273; x_wconf 87' lang='lat' dir='ltr'>veniens,</span> 
     </span>
     <span class='ocr_line' id='line_1_79' title="bbox 997 2276 1772 2319; baseline -0.003 -7"><span class='ocrx_word' id='word_1_451' title='bbox 997 2288 1065 2312; x_wconf 89' lang='lat' dir='ltr'>nec</span> <span class='ocrx_word' id='word_1_452' title='bbox 1087 2278 1236 2312; x_wconf 86' lang='lat' dir='ltr'>Patrem</span> <span class='ocrx_word' id='word_1_453' title='bbox 1257 2276 1450 2319; x_wconf 89' lang='lat' dir='ltr'>deserens,</span> <span class='ocrx_word' id='word_1_454' title='bbox 1469 2279 1501 2311; x_wconf 83' lang='lat' dir='ltr'>et</span> <span class='ocrx_word' id='word_1_455' title='bbox 1518 2277 1566 2310; x_wconf 83' lang='lat' dir='ltr'>ad</span> <span class='ocrx_word' id='word_1_456' title='bbox 1584 2278 1694 2311; x_wconf 80' lang='lat' dir='ltr'>Deum</span> <span class='ocrx_word' id='word_1_457' title='bbox 1711 2286 1772 2311; x_wconf 81' lang='lat' dir='ltr'>va-</span> 
     </span>
     <span class='ocr_line' id='line_1_80' title="bbox 997 2322 1773 2368; baseline 0 -10"><span class='ocrx_word' id='word_1_458' title='bbox 997 2324 1065 2365; x_wconf 69' lang='lat' dir='ltr'>dit,</span> <span class='ocrx_word' id='word_1_459' title='bbox 1085 2324 1211 2359; x_wconf 90' lang='lat' dir='ltr'>omnia</span> <span class='ocrx_word' id='word_1_460' title='bbox 1231 2334 1313 2368; x_wconf 68' lang='lat' dir='ltr'>quae</span> <span class='ocrx_word' id='word_1_461' title='bbox 1333 2322 1528 2367; x_wconf 78' lang='lat' dir='ltr'>acquisivit</span> <span class='ocrx_word' id='word_1_462' title='bbox 1547 2322 1646 2358; x_wconf 88' lang='lat' dir='ltr'>Patri</span> <span class='ocrx_word' id='word_1_463' title='bbox 1664 2322 1773 2358; x_wconf 89' lang='lat' dir='ltr'>redu-</span> 
     </span>
     <span class='ocr_line' id='line_1_81' title="bbox 997 2368 1772 2415; baseline 0 -9"><span class='ocrx_word' id='word_1_464' title='bbox 997 2381 1096 2411; x_wconf 91' lang='lat' dir='ltr'>cens,</span> <span class='ocrx_word' id='word_1_465' title='bbox 1117 2376 1152 2406; x_wconf 87' lang='lat' dir='ltr'>et</span> <span class='ocrx_word' id='word_1_466' title='bbox 1170 2382 1245 2406; x_wconf 90' lang='lat' dir='ltr'>non</span> <span class='ocrx_word' id='word_1_467' title='bbox 1259 2380 1327 2406; x_wconf 91' lang='lat' dir='ltr'>nos</span> <span class='ocrx_word' id='word_1_468' title='bbox 1341 2370 1576 2415; x_wconf 88' lang='lat' dir='ltr'>relinquens;</span> <span class='ocrx_word' id='word_1_469' title='bbox 1597 2368 1717 2405; x_wconf 87' lang='lat' dir='ltr'>sciens</span> <span class='ocrx_word' id='word_1_470' title='bbox 1731 2379 1772 2406; x_wconf 89' lang='lat' dir='ltr'>se</span> 
     </span>
     <span class='ocr_line' id='line_1_82' title="bbox 996 2416 1772 2463; baseline -0.001 -10"><span class='ocrx_word' id='word_1_471' title='bbox 996 2428 1078 2453; x_wconf 90' lang='lat' dir='ltr'>esse</span> <span class='ocrx_word' id='word_1_472' title='bbox 1099 2419 1236 2463; x_wconf 84' lang='lat' dir='ltr'>Regem</span> <span class='ocrx_word' id='word_1_473' title='bbox 1258 2427 1403 2462; x_wconf 84' lang='lat' dir='ltr'>regum,</span> <span class='ocrx_word' id='word_1_474' title='bbox 1425 2421 1460 2452; x_wconf 90' lang='lat' dir='ltr'>et</span> <span class='ocrx_word' id='word_1_475' title='bbox 1482 2416 1679 2452; x_wconf 89' lang='lat' dir='ltr'>Dominum</span> <span class='ocrx_word' id='word_1_476' title='bbox 1700 2416 1772 2452; x_wconf 91' lang='lat' dir='ltr'>do-</span> 
     </span>
     <span class='ocr_line' id='line_1_83' title="bbox 997 2462 1771 2505; baseline 0 -6"><span class='ocrx_word' id='word_1_477' title='bbox 997 2464 1244 2505; x_wconf 85' lang='lat' dir='ltr'>minantium,</span> <span class='ocrx_word' id='word_1_478' title='bbox 1273 2475 1340 2499; x_wconf 91' lang='lat' dir='ltr'>nec</span> <span class='ocrx_word' id='word_1_479' title='bbox 1367 2463 1503 2500; x_wconf 85' lang='lat' dir='ltr'>oblitus</span> <span class='ocrx_word' id='word_1_480' title='bbox 1530 2474 1569 2500; x_wconf 88' lang='lat' dir='ltr'>se</span> <span class='ocrx_word' id='word_1_481' title='bbox 1596 2474 1677 2499; x_wconf 88' lang='lat' dir='ltr'>esse</span> <span class='ocrx_word' id='word_1_482' title='bbox 1705 2462 1771 2499; x_wconf 90' lang='lat' dir='ltr'>Dei</span> 
     </span>
     <span class='ocr_line' id='line_1_84' title="bbox 998 2510 1770 2556; baseline 0.001 -10"><span class='ocrx_word' id='word_1_483' title='bbox 998 2511 1130 2547; x_wconf 88' lang='lat' dir='ltr'>Filium</span> <span class='ocrx_word' id='word_1_484' title='bbox 1168 2511 1390 2554; x_wconf 87' lang='lat' dir='ltr'>naturalem,</span> <span class='ocrx_word' id='word_1_485' title='bbox 1420 2514 1456 2546; x_wconf 90' lang='lat' dir='ltr'>et</span> <span class='ocrx_word' id='word_1_486' title='bbox 1485 2521 1559 2546; x_wconf 92' lang='lat' dir='ltr'>non</span> <span class='ocrx_word' id='word_1_487' title='bbox 1591 2510 1770 2556; x_wconf 86' lang='lat' dir='ltr'>ignorans</span> 
     </span>
     <span class='ocr_line' id='line_1_85' title="bbox 996 2557 1772 2602; baseline -0.001 -8"><span class='ocrx_word' id='word_1_488' title='bbox 996 2569 1101 2594; x_wconf 89' lang='lat' dir='ltr'>suam</span> <span class='ocrx_word' id='word_1_489' title='bbox 1119 2558 1404 2600; x_wconf 80' lang='lat' dir='ltr'>sublimitatem3</span> <span class='ocrx_word' id='word_1_490' title='bbox 1424 2557 1594 2602; x_wconf 86' lang='lat' dir='ltr'>quamvis</span> <span class='ocrx_word' id='word_1_491' title='bbox 1613 2557 1699 2593; x_wconf 84' lang='lat' dir='ltr'>talis</span> <span class='ocrx_word' id='word_1_492' title='bbox 1717 2567 1772 2593; x_wconf 90' lang='lat' dir='ltr'>es-</span> 
     </span>
     <span class='ocr_line' id='line_1_86' title="bbox 996 2603 1770 2648; baseline 0 -8"><span class='ocrx_word' id='word_1_493' title='bbox 996 2609 1062 2648; x_wconf 81' lang='lat' dir='ltr'>set,</span> <span class='ocrx_word' id='word_1_494' title='bbox 1087 2609 1123 2641; x_wconf 89' lang='lat' dir='ltr'>et</span> <span class='ocrx_word' id='word_1_495' title='bbox 1145 2607 1257 2641; x_wconf 87' lang='lat' dir='ltr'>talem</span> <span class='ocrx_word' id='word_1_496' title='bbox 1278 2615 1317 2641; x_wconf 93' lang='lat' dir='ltr'>se</span> <span class='ocrx_word' id='word_1_497' title='bbox 1337 2603 1461 2648; x_wconf 89' lang='lat' dir='ltr'>sciret,</span> <span class='ocrx_word' id='word_1_498' title='bbox 1488 2608 1612 2641; x_wconf 88' lang='lat' dir='ltr'>tamen</span> <span class='ocrx_word' id='word_1_499' title='bbox 1630 2604 1668 2640; x_wconf 96' lang='lat' dir='ltr'>in</span> <span class='ocrx_word' id='word_1_500' title='bbox 1688 2614 1770 2640; x_wconf 84' lang='lat' dir='ltr'>ma-</span> 
     </span>
     <span class='ocr_line' id='line_1_87' title="bbox 994 2650 1770 2698; baseline -0.001 -10"><span class='ocrx_word' id='word_1_501' title='bbox 994 2663 1076 2697; x_wconf 64' lang='lat' dir='ltr'>gnae</span> <span class='ocrx_word' id='word_1_502' title='bbox 1092 2663 1168 2688; x_wconf 83' lang='lat' dir='ltr'>suae</span> <span class='ocrx_word' id='word_1_503' title='bbox 1186 2652 1336 2698; x_wconf 86' lang='lat' dir='ltr'>pietatis</span> <span class='ocrx_word' id='word_1_504' title='bbox 1355 2650 1549 2694; x_wconf 83' lang='lat' dir='ltr'>indicium,</span> <span class='ocrx_word' id='word_1_505' title='bbox 1568 2651 1606 2687; x_wconf 90' lang='lat' dir='ltr'>in</span> <span class='ocrx_word' id='word_1_506' title='bbox 1624 2661 1770 2698; x_wconf 86' lang='lat' dir='ltr'>magnae</span> 
     </span>
     <span class='ocr_line' id='line_1_88' title="bbox 995 2697 1769 2745; baseline 0 -11"><span class='ocrx_word' id='word_1_507' title='bbox 995 2705 1132 2735; x_wconf 85' lang='lat' dir='ltr'>nostrae</span> <span class='ocrx_word' id='word_1_508' title='bbox 1145 2700 1354 2745; x_wconf 85' lang='lat' dir='ltr'>exemplum</span> <span class='ocrx_word' id='word_1_509' title='bbox 1367 2698 1600 2739; x_wconf 49' lang='lat' dir='ltr'>humilitati&amp;</span> <span class='ocrx_word' id='word_1_510' title='bbox 1614 2709 1690 2734; x_wconf 92' lang='lat' dir='ltr'>non</span> <span class='ocrx_word' id='word_1_511' title='bbox 1703 2697 1769 2734; x_wconf 89' lang='lat' dir='ltr'>Dei</span> 
     </span>
     <span class='ocr_line' id='line_1_89' title="bbox 996 2745 1770 2792; baseline -0.003 -10"><span class='ocrx_word' id='word_1_512' title='bbox 996 2746 1141 2782; x_wconf 88' lang='lat' dir='ltr'>Domini</span> <span class='ocrx_word' id='word_1_513' title='bbox 1164 2746 1229 2782; x_wconf 85' lang='lat' dir='ltr'>sed</span> <span class='ocrx_word' id='word_1_514' title='bbox 1247 2745 1406 2781; x_wconf 89' lang='lat' dir='ltr'>hominis</span> <span class='ocrx_word' id='word_1_515' title='bbox 1425 2745 1521 2781; x_wconf 86' lang='lat' dir='ltr'>servi</span> <span class='ocrx_word' id='word_1_516' title='bbox 1541 2745 1670 2792; x_wconf 91' lang='lat' dir='ltr'>implet</span> <span class='ocrx_word' id='word_1_517' title='bbox 1689 2745 1770 2781; x_wconf 88' lang='lat' dir='ltr'>offi-</span> 
     </span>
     <span class='ocr_line' id='line_1_90' title="bbox 993 2791 1769 2839; baseline -0.003 -9"><span class='ocrx_word' id='word_1_518' title='bbox 993 2793 1109 2839; x_wconf 87' lang='lat' dir='ltr'>cium;</span> <span class='ocrx_word' id='word_1_519' title='bbox 1136 2792 1308 2830; x_wconf 84' lang='lat' dir='ltr'>humiliat</span> <span class='ocrx_word' id='word_1_520' title='bbox 1331 2802 1370 2828; x_wconf 88' lang='lat' dir='ltr'>se</span> <span class='ocrx_word' id='word_1_521' title='bbox 1391 2796 1432 2829; x_wconf 84' lang='lat' dir='ltr'>ut</span> <span class='ocrx_word' id='word_1_522' title='bbox 1459 2791 1659 2838; x_wconf 80' lang='lat' dir='ltr'>ministret,</span> <span class='ocrx_word' id='word_1_523' title='bbox 1681 2791 1769 2839; x_wconf 79' lang='lat' dir='ltr'>quia</span> 
     </span>
    </p>
   </div>
  </div>
 </body>
</html>
