1907 3139
532 199 696 240 QUIBUS
737 199 940 236 DEBETUR
977 200 1038 235 VAE
1076 197 1306 233 AETERNUM.
1680 189 1740 225 247

111 273 349 313 sanctitatem
388 272 554 317 fuerunt,
596 275 661 310 sed
702 275 880 311 sanctitas

101 328 188 360 ante
211 325 377 359 Sanctos.
408 320 495 357 Sine
519 332 629 357 causa
649 332 738 357 eruo
759 322 878 367 justos

103 372 261 408 honora.
291 369 351 414 qui
368 368 551 414 justitiam
575 368 729 415 spei-ni&
758 380 878 412 neque

99 421 255 464 possunt
268 415 390 452 Sancti
408 416 517 451 amici
535 427 615 452 esse
632 416 879 462 illorum,qui-

97 466 165 502 bus
186 466 283 500 Dens
305 467 360 499 est
377 463 567 499 inimicus,
584 463 766 499 Dii-ebant
779 464 878 509 apud

100 523 139 548 se
169 523 176 547 ε
213 510 249 547 Si
276 512 370 547 bene
400 511 597 547 fecerimus
624 511 875 557 pauperihus,

97 558 178 605 quis
201 558 294 593 illud
327 557 456 594 videt?
480 560 519 594 El
546 559 574 593 si
600 559 775 603 viderint,
801 570 875 595 non
914 586 915 594 ,

95 605 200 642 multi
222 605 360 646 vident,
380 609 415 641 et
437 606 466 641 si
492 606 594 642 multi
615 606 791 648 viderint,
808 617 875 652 pro
914 610 915 654 ξ
1605 644 1612 650 ,

914 663 915 667 ¹
954 652 1097 698 los,qui
1121 651 1252 698 spiritu
1269 647 1488 695 prophetico
1513 646 1611 690 pleni
1631 646 1741 679 erant

95 656 266 699 tempore
300 652 440 689 vident.
467 655 617 689 Transit
648 657 811 698 tempus,
840 657 876 689 et

95 712 179 737 cuin
199 704 369 746 tempore
385 701 515 736 tramit
543 701 713 737 henetirii
736 712 874 737 memo-
914 711 915 744 l

96 747 165 784 ria.
191 747 322 784 Melius
344 752 400 784 est
427 759 515 795 ergo
543 748 704 784 aedincia
737 749 872 792 facere,

99 806 184 841 quae
223 795 406 841 aspiciant
437 806 583 837 omnes,
620 807 697 831 non
731 797 769 831 in
804 797 875 831 hoc

96 846 266 889 tempore
294 842 428 886 solum,
451 844 517 878 sed
554 842 666 878 etiam
688 843 725 878 in
751 846 876 889 poste-

95 901 192 926 rum.
215 890 242 925 Ο
264 888 445 935 insipiens
474 890 607 925 homo!
633 890 729 933 Quid
762 890 875 935 prod-

97 942 154 973 est
173 936 255 981 tibi,
278 940 362 983 post
388 940 549 973 mortem
568 936 653 980 ista,
677 937 872 982 memoria,

95 984 125 1020 si
154 984 216 1021 ubi
250 995 289 1020 es
328 985 526 1030 torqueris.
561 988 597 1020 et
634 984 697 1020 ubi
736 996 810 1020 non
835 995 875 1020 es

95 1030 292 1067 laudaris?
315 1044 332 1065 »
363 1032 444 1068 haec
472 1033 759 1075 chrysostomus.
797 1033 874 1068 De—

97 1078 184 1115 inde
206 1079 341 1125 probat
363 1079 463 1125 quod
488 1079 563 1115 sint
583 1079 650 1115 filii
672 1079 876 1115 homicida-

98 1136 195 1170 rum,
219 1129 254 1162 et
275 1126 439 1162 ostendit
458 1138 520 1163 eos
539 1138 615 1162 non
632 1128 754 1162 solum
773 1128 876 1173 geni-

97 1173 199 1226 mina
225 1173 450 1220 viperarum,
477 1175 601 1219 quoad
624 1174 807 1210 malitiam
836 1173 875 1210 in

98 1220 308 1257 mutatione
337 1222 536 1265 malorum,
558 1233 602 1257 ac
623 1226 789 1265 paternae
810 1232 876 1257 ne-

97 1268 225 1313 quitiae
252 1268 484 1312 imitatores3
509 1269 573 1305 sed
596 1271 709 1305 etiam
741 1280 874 1313 paren-

97 1315 195 1351 tibus
223 1315 443 1359 deteriores,
466 1319 501 1352 et
528 1317 627 1362 qnoil
664 1316 764 1351 fictio
796 1318 878 1352 erat

98 1363 169 1398 hoc
191 1363 288 1407 quod
309 1362 495 1402 dicebant,
518 1363 657 1399 scilicet
680 1364 778 1409 qnod
802 1374 877 1398 non

101 1410 442 1446 communicassent
475 1411 651 1456 operibus
683 1421 826 1450 eorum,
848 1410 877 1445 si

99 1456 138 1492 in
159 1461 327 1503 tempore
348 1458 410 1493 illo
430 1457 600 1493 fuissent.
623 1458 726 1493 Unde
754 1457 844 1492 dicit
868 1468 876 1492 :

103 1507 148 1540 Ec
163 1516 224 1540 vos
241 1506 399 1550 implete,
424 1505 530 1540 idest
553 1504 768 1550 implebitis,
787 1515 880 1539 men-

98 1563 223 1587 suram
249 1556 396 1596 patrum
422 1556 635 1587 vestrorum.
664 1552 878 1587 Secundum

98 1601 358 1643 Hieronymum
394 1603 431 1634 et
465 1601 772 1642 Chrysostommm
802 1609 878 1633 non

95 1647 204 1692 jubet
223 1646 280 1682 vel
303 1645 487 1692 praecipit,
505 1647 570 1681 sed
591 1646 691 1691 quod
713 1647 879 1681 t'uturum

99 1696 181 1730 erat
213 1693 384 1739 praedicit
405 1699 441 1730 et
462 1693 639 1730 ostendit.
664 1695 880 1729 Mensuram

103 1742 201 1777 enim
225 1744 376 1787 patrum
403 1751 555 1776 suorum
578 1740 736 1785 implere
759 1740 883 1785 cupie-

99 1788 204 1829 bant,
233 1792 268 1823 et
289 1789 366 1831 jam
389 1787 654 1833 impleverunt,
673 1786 760 1832 quia
782 1787 882 1833 quod

98 1834 173 1870 illis
194 1835 326 1878 defuit,
349 1834 409 1870 isti
433 1835 713 1880 suppleverunt.
735 1835 809 1869 Nec
827 1845 882 1869 so-

101 1882 178 1918 lum
191 1881 454 1926 impleverunt,
473 1882 539 1918 sed
557 1892 770 1917 mensuram
789 1881 882 1916 mul-

105 1933 184 1965 tum
200 1932 460 1966 excesserunt:
483 1930 659 1974 quoniam
671 1928 724 1963 illi
739 1927 885 1963 occide-

105 1981 194 2012 runt
216 1977 400 2021 homines,
424 1976 485 2011 isti
513 1986 601 2011 vero
630 1975 695 2011 Dei
735 1974 883 2018 Filium;

105 2023 159 2059 illi
181 2034 321 2068 servos,
346 2026 405 2059 isti
427 2022 652 2066 Dominum;
687 2022 737 2057 illi
767 2021 887 2057 mini—

109 2072 220 2115 stros,
242 2070 303 2106 isti
337 2072 502 2117 Regem3
530 2070 583 2105 illi
618 2070 802 2111 membra,
826 2068 887 2103 isti

103 2123 232 2163 capnt;
265 2117 317 2153 illi
348 2119 569 2164 Prophetas,
592 2116 651 2151 isti
682 2117 887 2161 Propheta-

109 2175 192 2200 rum
210 2165 439 2211 Magbtrum,
459 2164 520 2210 qui
538 2175 558 2200 a
578 2163 776 2210 Prophetis
799 2174 889 2209 prae-

109 2211 230 2248 dictus
249 2216 318 2257 est,
344 2212 485 2248 scilicet
507 2211 708 2248 Christum.

158 2280 198 2301 lo
220 2266 375 2308 QUANAM
402 2276 504 2301 PAENA
533 2276 652 2300 CULPAE
674 2275 795 2299 EORUM
817 2273 888 2298 Pn-

105 2324 259 2348 NiENTun
272 2324 443 2348 osrnnnir
466 2314 645 2347 DomNus.
669 2331 712 2336 —
730 2310 886 2353 Deinde,

106 2362 306 2406 postquam
333 2359 499 2395 ostendit
518 2358 658 2395 Scribis
689 2360 726 2393 et
749 2356 889 2392 Phari-

109 2406 193 2443 saeis
202 2406 449 2453 multiplicem
462 2404 890 2452 culpam‚ostentlitcon-

109 2457 311 2500 sequenter
328 2464 493 2500 poenam,
518 2453 644 2489 dicens
671 2464 679 2488 ε
700 2453 891 2497 Serpentes

110 2511 296 2537 venenum
313 2500 465 2536 invidiae
487 2501 686 2544 hahentes,
704 2500 891 2543 yenimz'na

109 2549 333 2593 viperarum.
357 2547 444 2594 quia
469 2558 658 2583 venenum
695 2544 849 2581 maliti-ee
871 2555 892 2580 a

112 2594 281 2641 patribus
306 2597 515 2638 traxerunt,
538 2594 715 2639 quomodo
737 2593 892 2636 fuyietis

114 2653 136 2677 a
167 2641 309 2686 judicio
337 2643 534 2685 qehennae?
571 2640 682 2684 Quasi
716 2639 890 2675 diceret:

113 2688 219 2725 Nullo
238 2688 363 2731 modo,
379 2690 556 2734 quoniam
574 2687 732 2724 erantin
751 2685 895 2722 malitia

113 2734 306 2772 obstinati.
325 2736 405 2771 Non
425 2735 544 2772 solum
561 2738 688 2771 autem
702 2735 798 2770 hanc
818 2744 893 2776 pue-

110 2793 199 2819 nam
244 2787 478 2827 meruerunt,
520 2785 677 2828 propter
728 2783 890 2817 mortem

116 2828 268 2875 Christi,
284 2829 350 2866 sed
365 2830 479 2866 etiam
498 2834 653 2878 propter
666 2827 894 2866 occisionem

962 273 1231 320 Apostolorum
1260 273 1296 306 et
1332 268 1599 314 discipulorum
1632 266 1741 313 ejns3

960 325 996 356 ct
1016 324 1168 367 propter
1193 320 1266 354 hoc
1293 317 1462 362 sequitur
1487 327 1494 350 z
1525 316 1620 355 Ideo,
1647 313 1743 349 seili-

959 372 1031 412 cet,
1061 367 1148 414 quia
1179 364 1314 408 dicitis,
1349 375 1421 398 non
1455 373 1623 397 essemus
1652 359 1742 395 socii

957 426 1103 458 corum,
1124 415 1159 449 iil
1180 417 1235 449 cst
1251 411 1600 453 Inimicidarumfflt
1615 413 1742 443 osten-

957 464 1042 499 dum
1078 465 1244 497 vestrum
1271 458 1532 499 mendacium,
1570 467 1645 491 eece
1680 466 1743 497 eqo

915 505 917 536 ¹²
956 513 1070 550 mitto,
1089 521 1153 545 seu
1168 508 1327 549 mittam,
1345 507 1393 541 ud
1414 516 1472 540 nos
1490 502 1731 539 instruendos

955 562 991 593 et
1020 556 1252 594 revocandos
1285 555 1331 590 nd
1368 564 1440 593 me,
1479 552 1674 596 Prophetas
1708 550 1742 584 et

954 607 1143 650 Sapientes
1167 608 1199 639 et
1226 603 1386 640 Scribas,
1409 599 1549 635 scilicet
1574 599 1733 642 Apusto-

955 704 991 735 et
1010 700 1124 735 mirda
1146 696 1331 743 sapientia
1350 695 1477 731 divina
1500 691 1744 735 erudiebant,

954 751 991 782 et
1011 751 1205 792 tamquam
1226 744 1366 781 Scrihse
1389 741 1487 778 docti
1510 741 1556 776 de
1576 740 1739 775 thesau-

954 794 1006 830 ris
1030 794 1106 830 suis
1135 804 1232 829 nova
1261 795 1298 828 et
1318 794 1447 827 vetera
1466 787 1738 835 prol‘erehant;

954 845 987 877 et
1009 853 1052 876 ese
1076 843 1153 875 iltis
1177 840 1360 879 occidetis,
1386 841 1419 873 et
1443 835 1664 880 eruet'ftqetis
1680 862 1688 877 ,
1709 835 1743 868 et

953 889 1190 934 sloeqe'labitt's
1218 889 1256 922 z‘n
1281 885 1481 931 sytzaqogyss
1502 888 1539 919 et
1574 890 1745 925 congre-

954 935 1168 982 gationibus
1186 936 1331 973 vestris,
1354 936 1387 968 et
1407 930 1683 978 persequimini
1702 927 1745 962 de

955 985 1103 1019 ciuitate
1141 985 1180 1018 in
1203 983 1402 1020 civitatem,
1427 978 1529 1025 quod
1567 979 1604 1012 et
1639 975 1746 1027 fece-

960 1035 1065 1075 runt,
1092 1034 1128 1066 et
1162 1040 1255 1075 quos
1282 1028 1350 1073 illi,
1373 1027 1456 1063 ideo
1483 1025 1572 1071 quia
1593 1033 1671 1059 non
1692 1033 1750 1057 vi-

954 1079 1092 1114 derunt
1115 1088 1191 1113 non
1223 1076 1457 1117 occiderunt,
1479 1071 1539 1108 isti
1561 1071 1745 1106 videntes

955 1136 1086 1162 eorum
1125 1123 1355 1160 desiderium
1386 1120 1664 1166 impleverunt;
1703 1119 1741 1152 et

955 1175 1008 1209 sic
1030 1183 1152 1208 mores
1173 1176 1324 1217 patrum
1342 1168 1558 1214 iniquorum
1578 1174 1739 1218 sequen-

955 1222 1015 1263 do,
1042 1231 1079 1256 se
1106 1220 1205 1255 filios
1226 1229 1358 1254 eorum
1381 1227 1463 1253 esse
1486 1217 1612 1250 testa-ti
1635 1214 1740 1248 sunt.

956 1268 1113 1311 Deinde,
1135 1270 1174 1302 ut
1193 1266 1369 1301 ostendat
1388 1262 1566 1309 quoniam
1584 1271 1657 1295 non
1675 1261 1741 1310 im-

956 1326 1054 1361 pune
1078 1316 1147 1350 hoc
1169 1313 1311 1348 faciunt
1346 1311 1522 1347 timorem
1544 1308 1600 1344 eis
1620 1318 1663 1342 ex
1682 1307 1740 1341 his

955 1363 1104 1400 incutit.
1128 1362 1256 1397 dicens
1278 1372 1286 1395 ε
1319 1362 1364 1396 Ut
1392 1360 1530 1396 veniat,
1552 1364 1745 1407 cons-ecu-

956 1410 1045 1453 tive,
1067 1409 1156 1454 quia
1167 1412 1224 1443 est
1245 1407 1461 1443 consecutio
1481 1402 1672 1454 aequitatis
1690 1411 1747 1435 su-

953 1468 1020 1503 per
1039 1468 1112 1494 vos,
1140 1456 1175 1490 id
1209 1458 1265 1490 est
1301 1463 1414 1499 super
1450 1453 1742 1498 generationem

959 1508 1123 1539 vestram
1157 1507 1192 1537 et
1225 1500 1393 1537 omnium
1418 1499 1605 1534 malorum
1639 1495 1747 1546 vohis

957 1550 1209 1592 consimilem,
1230 1551 1345 1583 omnis
1366 1547 1518 1589 sanquis
1537 1545 1679 1594 justus,
1704 1541 1743 1576 id

962 1602 1017 1634 est
1045 1597 1171 1633 dehita
1205 1595 1310 1640 ultio,
1331 1605 1399 1641 pro
1432 1591 1536 1629 omni
1564 1590 1750 1626 effusione

958 1644 1153 1691 sanguinis
1172 1644 1375 1690 justorum,
1393 1652 1414 1676 a
1441 1640 1620 1683 sanquine
1647 1636 1738 1672 Abel

954 1694 1061 1739 justi,
1088 1693 1194 1738 cujus
1217 1700 1373 1726 munera
1398 1691 1601 1724 narrantur
1621 1695 1643 1720 a
1663 1685 1737 1719 Deo

961 1743 1128 1786 accepta,
1149 1749 1263 1784 usque
1286 1738 1335 1772 ad
1361 1737 1577 1779 sanquinem
1599 1732 1744 1769 Zacha-

960 1790 1026 1823 riae
1056 1789 1126 1832 filii·
1146 1787 1347 1824 Buruehiae,
1373 1784 1409 1819 id
1435 1786 1491 1818 est
1518 1780 1660 1832 Joiadae
1677 1789 1747 1831 ‘sa-

964 1834 1141 1876 cerdutis,
1164 1832 1229 1878 qui
1252 1834 1405 1877 propter
1437 1839 1544 1865 suam
1566 1828 1752 1870 justitiam

964 1882 1084 1917 dictus
1112 1879 1326 1921 Barachias,
1350 1877 1412 1923 qui
1449 1876 1656 1911 benedictus
1679 1875 1752 1908 Do-

966 1931 1058 1964 mini
1092 1927 1386 1971 interpretatur3
1416 1934 1521 1969 quem
1551 1921 1753 1972 occidisti-s,

965 1976 1002 2011 i‹l
1030 1978 1086 2010 est
1123 1978 1250 2009 vestra
1281 1970 1474 2015 generatio
1512 1968 1620 2005 vobis
1644 1977 1748 2003 simi-

965 2022 1011 2058 lis
1041 2021 1189 2064 occidit,
1214 2023 1311 2056 inter
1346 2020 1520 2064 templum
1551 2020 1584 2052 et
1609 2016 1743 2055 altare,

966 2069 1107 2105 scilicet
1122 2068 1445 2109 holocaustorum,
1472 2064 1574 2111 quod
1593 2065 1673 2115 erat
1690 2072 1748 2114 ex-

966 2122 1025 2152 tra
1044 2116 1240 2162 templum,
1266 2114 1409 2150 scilicet
1440 2113 1479 2148 in
1506 2112 1603 2147 atrio
1627 2119 1748 2155 lpsms

968 2165 1111 2209 templi.
1137 2162 1209 2199 Sed
1243 2162 1331 2197 licet
1352 2160 1459 2197 multi
1485 2164 1566 2205 post
1588 2160 1625 2210 et
1649 2159 1752 2197 ante,

968 2213 1015 2247 ab
1050 2213 1121 2247 hac
1157 2208 1402 2256 generatione
1432 2209 1508 2243 sint
1542 2204 1670 2248 occisi,
1694 2207 1754 2239 ta-

969 2269 1055 2294 men
1076 2257 1199 2304 petius
1219 2257 1390 2292 nominat
1407 2255 1498 2291 istos
1518 2254 1613 2289 duos
1640 2261 1755 2296 quam

969 2305 1089 2342 alios:
1110 2306 1199 2340 utin
1218 2315 1290 2340 uno
1306 2303 1408 2346 laici,
1421 2301 1566 2338 scilicet
1585 2299 1624 2335 in
1642 2298 1750 2343 Abel,

970 2352 1032 2398 qui
1068 2352 1137 2388 fuit
1169 2355 1300 2398 pastor
1331 2350 1469 2393 ovium,
1489 2351 1526 2384 et
1556 2347 1594 2383 in
1621 2356 1753 2392 campo

969 2403 1149 2444 necatus,
1184 2399 1223 2434 in
1250 2397 1324 2434 alio
1362 2397 1503 2440 clerici,
1540 2393 1683 2430 scilicet
1713 2393 1753 2428 in

969 2446 1161 2490 Zacharia,
1183 2446 1246 2492 qui
1266 2445 1334 2482 fuit
1354 2443 1484 2481 altaris
1504 2441 1629 2478 officio
1651 2451 1756 2494 man-

970 2494 1129 2540 cipatus,
1153 2499 1189 2530 et
1223 2495 1261 2528 in
1290 2493 1385 2528 atrio
1424 2489 1555 2536 templi
1591 2498 1753 2532 cccmus,

969 2541 1252 2587 intellig-autum
1272 2545 1309 2576 et
1330 2550 1396 2585 per
1417 2539 1487 2574 hos
1508 2537 1605 2573 duos
1620 2545 1753 2571 omnes

972 2588 1088 2624 sancti
1111 2590 1306 2634 Martyres,
1330 2585 1474 2622 laicalis
1493 2583 1635 2620 scilicet
1651 2585 1688 2618 et
1700 2592 1756 2617 sa-

972 2635 1173 2671 cerdotalis
1207 2633 1366 2675 ordinis,
1397 2632 1665 2678 designantur.
1690 2630 1754 2665 Se-

973 2682 1099 2729 quitur
1111 2688 1248 2719 autem:
1259 2683 1389 2723 Amen,
1404 2681 1485 2716 dico
1494 2677 1756 2719 vobis‚venient

973 2732 1108 2771 omnia,
1125 2728 1420 2766 scilicetsceiera
1441 2730 1477 2762 et
1488 2725 1674 2762 scelerum
1688 2733 1754 2775 pu-

974 2776 1264 2823 uitiones‚super
1278 2776 1546 2820 qenerationem
1558 2773 1756 2811 istam‚sc1-

974 2824 1062 2863 licet
1078 2828 1242 2863 vestram
1257 2828 1293 2862 et
1307 2822 1477 2862 omnium
1491 2819 1680 2857 malorum
1696 2828 1705 2863 3
1720 2821 1759 2854 et
