1907 3139
189 166 250 199 328

188 236 286 276 Dixit
308 238 433 274 autem
461 238 640 275 comestor
674 237 712 273 in
744 234 969 273 scholastica

186 284 464 332 historia,qu0d
477 295 686 331 numquam
695 283 833 329 legitur
845 283 968 318 Domi-

186 343 277 369 num
298 332 507 369 comedisse
526 343 672 377 carnes,
695 330 767 367 nisi
791 329 879 376 agni
900 339 967 375 pa-

183 379 341 425 schalis3
361 380 462 426 quod
492 382 621 416 tamen
641 379 728 415 fecit
755 378 792 413 in
821 380 909 423 typo
931 379 968 412 et

184 427 319 474 figura.
349 427 617 464 Discumbebat
639 435 728 471 ergo
758 426 868 461 ι105115
884 433 969 459 cum

184 474 383 512 duodecim
414 473 606 520 discipulis
645 472 737 516 suis,
785 470 968 507 Dominus

184 532 270 559 cum
293 521 425 565 servis,
446 520 626 567 Magister
649 529 732 555 cum
756 517 968 570 discipulis,

183 571 292 617 pater
303 579 388 605 cum
398 568 499 613 tiliis,
511 567 619 614 quasi
632 576 715 603 cum
727 565 969 611 socns,quasi

185 626 273 654 cum
289 615 444 660 amicis;
470 616 568 651 unde
604 614 642 649 in
668 612 817 649 Psalmo
844 623 852 648 :
879 613 970 648 Filii

189 665 245 701 tui
263 665 357 700 sicat
371 664 520 699 izoveilae
539 663 733 706 olivarum,
751 661 791 695 in
813 660 971 695 circuitu

190 721 320 748 mensae
352 713 442 746 tuae„
461 711 549 745 Haec
583 708 738 744 resectio
781 706 973 752 significat

191 757 435 795 refectionem
468 759 647 793 aeternam
673 754 713 790 in
737 764 908 800 vespere,
936 753 973 790 id

194 809 251 842 est
281 804 322 841 in
355 804 429 840 tine
462 802 591 840 mundi
612 803 790 838 futuram.
811 802 839 837 O
860 811 973 847 quam

193 851 320 889 felices
340 851 440 887 illius
458 849 651 887 recubitus
672 848 943 885 commensales
963 848 972 884 1

195 900 282 943 Sed,
310 899 500 946 quomodo
538 897 816 934 discumbentes
849 906 975 932 00300-

193 947 287 984 bant
304 974 314 992 ‚
353 957 438 982 cum
476 947 549 981 Lex
592 943 838 991 praeceperit,
875 943 974 989 quod

193 998 335 1030 stantes
355 992 470 1029 erecti
505 994 650 1028 Pascha
673 991 871 1027 comedere
902 990 976 1026 de-

188 1040 348 1078 berent?
369 1041 498 1076 Potest
524 1039 610 1084 dici,
630 1038 835 1074 secundum
862 1039 974 1073 ΤΙιεο-

188 1086 349 1135 philum,
378 1087 479 1133 quod
511 1085 615 1132 prius
645 1085 975 1121 manducaverunt

189 1135 346 1178 Pascha,
375 1136 412 1170 et
436 1134 608 1170 fecerunt
640 1135 680 1168 ut
712 1133 783 1168 Lex
815 1132 973 1168 manda-

190 1183 274 1226 bat3
300 1181 450 1226 deinde,
491 1180 698 1216 secundum
735 1189 976 1215 communem

193 1240 325 1273 usum,
359 1228 629 1265 discubuerunt
663 1226 846 1272 quosdam
881 1225 975 1262 alios

196 1277 299 1314 cibos
314 1276 602 1319 manducantes3
616 1274 716 1310 unde
734 1272 870 1309 dicitur
879 1276 977 1320 post-

198 1335 256 1369 ea,
282 1323 381 1370 quod
400 1325 508 1359 Jesus
528 1322 688 1358 surrexit
706 1332 727 1357 a
750 1331 870 1357 coena.

249 1374 268 1407 5
305 1373 527 1407 Dnsmmnun
565 1371 709 1406 Cnmsri
750 1380 978 1405 mxnucxxm

202 1430 270 1456 noc
291 1420 445 1463 Pisoni,
465 1430 506 1453 ET
528 1428 706 1453 LEGALIUM
726 1428 811 1451 posi*
833 1417 979 1452 1315510-

203 1479 274 1503 NEM
293 1477 507 1502 AssnocATlo.
532 1485 571 1490 —-
593 1467 653 1509 Et,
676 1463 872 1500 edentibus
890 1463 977 1507 illis,

203 1516 257 1550 ait
276 1515 353 1549 illis
368 1513 549 1549 Dominus
566 1513 676 1548 Jesus
696 1522 704 1547 :
721 1511 905 1546 Desiderio
923 1512 980 1546 de-

204 1562 395 1604 sideravi,
434 1560 472 1596 id
508 1561 564 1594 est
595 1558 703 1594 valde
742 1557 978 1602 desideravi,

203 1610 266 1645 hoc
283 1609 437 1649 Pascha,
454 1605 596 1642 scilicet
611 1604 775 1651 typicum
790 1608 826 1640 et
844 1605 978 1650 legale,

200 1655 421 1692 manducare
431 1655 627 1697 vobiscum,
638 1656 832 1697 withzcam
837 1655 977 1698 patiar,

200 1702 240 1739 id
274 1704 344 1746 est,
379 1701 532 1737 moriar.
568 1699 830 1736 Geminatione
874 1700 979 1736 verbi

201 1752 309 1786 notat
328 1748 576 1784 intentionem
603 1745 763 1792 duplicis
788 1746 978 1792 desiderii,

201 1796 344 1833 scilicet
364 1799 405 1831 ut
425 1794 531 1830 finiat
546 1795 663 1831 Vetus
682 1796 978 1838 Testamentum,

203 1847 240 1881 et
259 1843 410 1879 inchoet
431 1843 588 1885 Novum,
612 1840 712 1887 quod
740 1843 821 1876 erat
845 1840 915 1877 sibi
944 1841 982 1876 in

205 1889 447 1928 desiderium.
477 1888 606 1934 Cogita
627 1898 738 1933 quam
756 1887 866 1932 longo
888 1891 983 1924 tem-

206 1948 297 1986 pore
333 1938 404 1973 1100
437 1935 669 1972 desiderium
695 1933 844 1971 Domini
872 1934 985 1971 suerit

207 1984 450 2033 protelatum,
471 1986 507 2019 et
529 1983 606 2019 noli
624 1982 801 2020 deficere.
823 1982 852 2018 si
870 1993 987 2028 quan-

210 2033 333 2078 doque
354 2031 400 2067 ad
422 2035 582 2076 tempus,
603 2032 708 2065 tuum
728 2028 901 2066 differtur
921 2030 985 2066 de-

209 2078 403 2116 siderIum.
427 2079 508 2124 Ipse
531 2077 643 2113 etiam
668 2076 838 2114 Christus
864 2076 985 2113 omni-

209 2128 278 2164 bus
292 2126 425 2162 diebus
440 2125 525 2161 vitae
541 2135 630 2167 suae,
646 2129 730 2170 post
746 2135 812 2159 1105
824 2124 989 2160 cucurrit

209 2175 248 2211 in
279 2172 340 2209 siti
366 2171 631 2209 ferventissimi
659 2171 834 2207 desiderii
858 2171 987 2208 salutis

210 2223 364 2258 nostrae.
386 2221 428 2256 Et
448 2230 517 2256 nos
535 2218 565 2254 si
588 2219 813 2264 quandoque
834 2230 909 2255 non
926 2229 988 2255 va-

210 2268 330 2304 lemus
349 2267 488 2304 habere
506 2264 695 2302 desideria
719 2266 832 2310 bona,
855 2267 989 2302 saltem

208 2315 416 2352 habeamus
435 2313 670 2350 voluntatem
697 2313 861 2349 habendi
888 2313 988 2350 desi-

210 2361 373 2406 derium,
397 2361 502 2407 juxta
522 2360 615 2396 illud
637 2371 646 2395 t
671 2360 882 2405 Concchivit
905 2363 989 2397 ani-

209 2420 269 2446 ma
282 2419 360 2444 mea
375 2408 581 2444 desiderare
589 2407 873 2452 justificationes
887 2411 987 2452 tuas,-

210 2461 248 2493 et
287 2459 377 2492 tunc
409 2454 618 2501 acceptabit
654 2454 884 2492 voluntatem
922 2466 990 2502 pro

210 2504 322 2540 facto.
339 2501 436 2539 Dicit
453 2506 579 2538 autem
598 2502 667 2537 1100
687 2501 879 2547 Dominus,
893 2506 934 2538 ut
952 2513 990 2539 se

212 2549 423 2587 voluntarie
452 2548 530 2595 pati
557 2548 745 2593 ostendat,
767 2550 873 2596 cujus
900 2551 989 2586 Pas-

213 2598 359 2635 sionem
401 2595 609 2632 immolatio
655 2596 743 2641 agni
790 2596 903 2642 typici
955 2599 991 2634 et

218 2645 361 2681 Pascha
375 2642 573 2681 Judaicum
589 2643 876 2689 praefigurabat3
895 2646 931 2680 et
951 2648 992 2680 ut

217 2692 451 2729 demonstret
479 2690 655 2727 affectum
681 2700 791 2743 quem
812 2691 926 2728 habet
950 2694 992 2727 ut

219 2738 356 2785 legalia
383 2740 541 2782 cessent,
563 2739 600 2774 et
630 2742 767 2773 veritas
802 2738 990 2785 Evangelii

221 2789 358 2824 currat.
384 2785 595 2824 Secundum
626 2785 774 2832 Rectam,
802 2785 990 2823 desiderat

646 162 855 198 SECUNDAE
891 161 1045 195 PARTIS
1084 161 1220 195 CAPUT
1258 160 1340 194 LIII

1042 233 1164 280 primo
1179 234 1344 281 typicum
1357 235 1501 272 Pascha
1517 243 1604 270 cum
1623 229 1816 279 discipulis

1042 281 1285 327 manducare,
1329 286 1365 318 et
1409 282 1462 319 sic
1512 279 1700 318 Passionis
1739 289 1818 315 suae

1042 329 1222 375 mysteria
1240 330 1379 365 mundo
1401 330 1617 374 declarare;
1635 328 1819 373 quatenus

1042 378 1079 412 01
1098 376 1230 422 legalis
1250 377 1403 413 Paschae
1418 377 1598 424 probator
1618 373 1766 417 existat,
1783 375 1821 409 et

1043 423 1114 459 hoc
1139 423 1299 470 figuram
1326 423 1403 459 veri
1432 424 1585 460 Paschae
1612 421 1728 458 fuisse
1755 420 1822 456 do-

1044 470 1176 515 cendo,
1191 473 1289 506 vetet
1302 470 1401 507 ultra
1419 471 1621 507 carnaliter
1637 466 1822 505 exhiberi.

1045 518 1084 552 10
1099 517 1205 563 cujus
1219 517 1404 563 reifigura
1421 518 1599 564 scriptum
1618 519 1688 561 est,
1707 514 1821 561 quod,

1045 565 1164 610 deficit
1172 576 1306 600 manna
1313 568 1508 610 postquam
1518 565 1743 601 comederunt
1752 562 1824 608 filii

1044 613 1158 648 Israel
1174 612 1216 647 de
1235 612 1405 655 fraqibas
1427 615 1529 648 terrae
1549 610 1824 657 promissionis,

1045 669 1107 694 nec
1118 660 1267 694 usiszmt
1276 660 1374 694 ultra
1383 660 1459 695 cibo
1471 661 1548 695 illo.
1559 658 1664 695 Unde
1675 656 1824 693 subdit:

1046 707 1132 742 Dico
1151 707 1245 741 enim
1266 705 1385 750 vobis,
1411 706 1498 752 quia
1519 717 1564 742 em
1583 708 1660 749 hoc,
1684 703 1826 741 scilicet

1051 756 1231 799 tempore,
1243 764 1314 789 non
1325 755 1549 790 manducabo
1563 753 1671 797 iliad,
1685 750 1826 788 scilicet

1048 804 1154 836 vetus
1178 805 1215 836 et
1246 801 1366 846 legale
1389 802 1545 846 Pascha,
1569 801 1677 836 donec
1698 808 1823 835 sacra-

1050 851 1219 884 mentum
1252 848 1434 884 Dominici
1463 847 1638 895 Corporis
1662 849 1698 883 et
1724 847 1826 882 San-

1049 894 1173 941 guinis
1202 895 1240 930 in
1261 896 1332 931 hoc
1350 896 1466 932 veteri
1488 896 1631 932 Pascha
1648 892 1825 940 spiritua-

1049 942 1135 978 liter
1154 941 1401 987 intellectum,
1421 945 1460 979 in
1483 954 1591 988 reqno
1611 944 1690 986 Dei,
1710 940 1749 976 id
1768 942 1826 976 est

1050 989 1088 1025 in
1117 989 1284 1026 Ecclesia
1315 990 1516 1034 militante,
1547 991 1758 1036 impleatur,
1787 986 1827 1022 id
1883 1016 1887 1019 .

1050 1040 1106 1073 est
1125 1036 1343 1073 instituatur
1359 1038 1416 1074 vel
1430 1038 1643 1074 institutum
1664 1035 1828 1072 celebre-

1050 1087 1122 1121 tur.
1140 1084 1253 1128 Quasi
1268 1084 1411 1121 diceret
1433 1097 1441 1121 z
1465 1087 1545 1122 Non
1557 1084 1756 1123 comedam
1768 1080 1828 1118 vel

1050 1132 1249 1168 celebrabo
1276 1132 1436 1178 amplius
1450 1133 1489 1168 in
1512 1134 1634 1178 figura
1650 1134 1686 1167 et
1703 1129 1826 1175 signo,

1049 1179 1115 1215 sed
1135 1179 1173 1214 in
1190 1178 1349 1215 veritate
1379 1183 1415 1216 et
1443 1182 1604 1226 signato.
1625 1181 1708 1225 Ipse
1728 1176 1829 1213 enim

1049 1229 1179 1272 postea
1210 1225 1370 1272 sumpsit
1395 1238 1527 1264 verum
1551 1228 1692 1272 Corpus
1720 1233 1829 1260 suum

1050 1275 1119 1309 sub
1136 1275 1385 1319 sacramente,
1405 1277 1440 1310 et
1460 1274 1703 1310 nihilominus
1717 1269 1831 1308 hodie

1050 1321 1088 1356 10
1109 1321 1275 1357 Ecclesia
1301 1324 1407 1357 vetus
1437 1325 1473 1358 et
1502 1322 1660 1368 figurale
1685 1318 1830 1356 Pascha.

1051 1368 1248 1414 impletum
1286 1369 1511 1411 manducat;
1541 1368 1629 1414 quia
1667 1378 1711 1404 ea
1746 1376 1830 1412 quae

1053 1417 1125 1452 Lex
1136 1415 1220 1451 rudi
1232 1416 1366 1462 populo
1379 1416 1581 1453 carnaliter
1595 1413 1830 1453 observanda

1052 1462 1244 1510 praecepit,
1264 1463 1344 1509 ipse
1378 1463 1416 1499 in
1443 1465 1621 1500 membris
1646 1463 1735 1506 suis,
1756 1462 1829 1496 hoc

1054 1514 1109 1546 051
1149 1509 1188 1545 10
1232 1509 1314 1556 ipsa
1361 1511 1524 1547 Ecclesia
1539 1539 1547 1555 ,
1586 1508 1831 1557 spiritualiter

1055 1560 1212 1593 exercet.
1234 1558 1276 1592 10
1301 1558 1369 1594 hoc
1392 1558 1504 1604 igilur
1523 1569 1640 1605 regno
1668 1555 1830 1592 comedit

1055 1605 1197 1650 Corpus
1219 1615 1343 1649 suum,
1366 1605 1403 1640 id
1426 1609 1482 1641 est
1510 1617 1577 1642 nos
1606 1604 1698 1641 illud
1724 1604 1762 1639 in
1786 1613 1829 1639 eo

1055 1653 1250 1688 comedere
1287 1652 1396 1697 facit3
1429 1653 1523 1689 sicut
1563 1652 1727 1699 postulat
1761 1660 1830 1696 pro

1055 1699 1175 1742 nobis,
1196 1698 1234 1734 id
1258 1702 1311 1735 est
1330 1700 1520 1745 postulare
1541 1711 1610 1735 nos
1640 1699 1740 1734 facit.
1765 1699 1832 1733 Sa-

1055 1750 1290 1782 cramentum
1322 1746 1422 1782 enim
1452 1747 1709 1790 Eucharistiae,
1733 1743 1833 1791 quod

1054 1804 1123 1829 nos
1143 1804 1210 1840 per
1224 1794 1339 1829 fidem
1358 1794 1602 1840 spiritualiter
1629 1793 1832 1830 manduca-

1056 1851 1152 1885 mus,
1175 1843 1212 1876 et
1232 1840 1312 1887 ipse
1332 1842 1534 1878 manducat
1554 1841 1750 1878 nobiscum
1774 1839 1831 1875 in-

1057 1889 1290 1934 corporando
1314 1899 1382 1924 nos
1399 1889 1467 1925 sibi
1491 1900 1557 1935 per
1584 1889 1681 1925 istud
1705 1896 1831 1924 sacra-

1057 1939 1238 1980 mentum,
1262 1936 1362 1980 quod
1389 1936 1583 1982 alloquens
1602 1936 1833 1980 Auyustinus

1057 1982 1148 2019 dicit
1174 1994 1183 2018 z
1217 1997 1236 2015 α
1267 1983 1378 2019 Cibus
1418 1994 1458 2020 es
1497 1983 1718 2029 grandium3
1758 1991 1834 2017 non

1059 2029 1265 2066 mutaberis
1288 2030 1328 2065 in
1350 2041 1422 2075 010,
1446 2031 1511 2067 scd
1530 2035 1571 2067 tu
1591 2042 1650 2067 me
1669 2027 1833 2068 mutabis

1059 2078 1097 2114 in
1117 2082 1166 2113 te.
1187 2090 1205 2111 »
1235 2077 1339 2114 Unde
1364 2078 1473 2114 donec
1502 2089 1578 2114 non
1598 2077 1750 2125 ponitur
1771 2075 1834 2112 hic

1060 2124 1258 2167 exclusive,
1275 2125 1340 2161 sed
1356 2124 1549 2162 inclusive.
1568 2125 1744 2172 Sequitur
1763 2125 1836 2160 :Et

1061 2175 1203 2218 accepto
1224 2174 1347 2217 calice,
1370 2172 1510 2209 scilicet
1527 2172 1603 2208 vini
1625 2171 1749 2219 quoad
1768 2169 1835 2208 Pa-

1062 2220 1151 2256 scha
1171 2219 1380 2264 Judaicum‚
1399 2222 1541 2264 qratias
1561 2223 1634 2265 egit
1653 2223 1686 2256 et
1705 2220 1805 2255 dimit
1823 2228 1834 2254 t

1062 2268 1228 2313 Accipite
1247 2270 1280 2303 et
1300 2268 1454 2303 dividite
1476 2269 1572 2303 inter
1590 2278 1665 2304 vos.
1688 2266 1836 2304 Gratias

1063 2315 1139 2360 egit
1156 2326 1163 2351 :
1188 2313 1276 2360 quia
1295 2314 1460 2351 instabat
1483 2315 1710 2361 completum
1730 2312 1837 2351 desi—

1063 2361 1225 2404 derium,
1250 2364 1291 2398 ut
1316 2365 1400 2408 post
1429 2362 1726 2398 immolationem
1750 2358 1838 2409 agni

1064 2408 1176 2455 typici
1219 2412 1438 2454 sequeretur
1487 2408 1694 2446 immolatio
1743 2405 1838 2456 Agni

1893 2183 1907 2455 -..i=.nn-w.·.„m-.‘-.‹.
1892 2120 1907 2165 ,ὂψ
1889 2085 1907 2101 ἐς

1065 2456 1156 2500 veri,
1175 2455 1316 2493 scilicet
1345 2455 1483 2492 Christi
1498 2467 1508 2502 ;
1531 2459 1568 2493 et
1600 2456 1690 2503 quia
1709 2460 1840 2493 vetera
1899 2464 1907 2496 ε’

1063 2503 1277 2540 transibant
1309 2506 1346 2540 et
1376 2513 1474 2539 nova
1507 2504 1650 2541 fiebant
1688 2503 1839 2548 omnia,

1065 2550 1154 2587 dum
1183 2550 1310 2586 vinum
1336 2552 1374 2586 et
1398 2561 1527 2596 azyma
1559 2551 1599 2588 in
1632 2553 1775 2598 Corpus
1804 2553 1841 2588 et

1066 2598 1291 2645 Sanguinem
1306 2597 1455 2634 Domini
1476 2599 1556 2644 eJus
1575 2599 1840 2636 benedictione

1064 2643 1529 2681 transsubstantiabantur.
1554 2646 1658 2682 Unde
1684 2645 1807 2693 inquit
1827 2656 1837 2682 :
1895 2655 1897 2657 ’

1064 2693 1150 2728 Dico
1189 2693 1283 2728 enim
1324 2692 1438 2737 vobis,
1476 2693 1572 2738 quod
1607 2704 1678 2730 non
1717 2694 1836 2729 bibam

1065 2739 1199 2775 amodo
1230 2739 1274 2774 de
1307 2740 1536 2783 qeneratione
1571 2741 1672 2785 vitis,
1696 2739 1837 2777 scilicet
1895 2734 1907 2783 ζ

1067 2785 1283 2833 materialis,
1306 2785 1344 2823 id
1360 2789 1415 2824 est
1435 2787 1481 2824 de
1502 2786 1586 2825 vino
1606 2787 1706 2835 quod
1725 2797 1836 2835 gene·
1889 2813 1893 2819 ι,
