1907 3139
148 130 208 164 318
642 129 849 178 SECUNDAE
888 130 1045 164 PAR'rls
1082 130 1221 162 oArUT
1262 129 1303 162 lsl

144 201 184 238 in
203 212 310 237 eruce
332 200 483 238 Domini
503 206 559 237 est
579 199 666 238 finis
684 200 798 246 Legis
814 202 932 245 atque
964 234 966 244 ζ

149 248 366 296 Scripturas,
384 247 425 286 in
448 248 630 285 Passione
661 249 761 294 ejus,
784 256 935 283 summa
965 245 967 276 ἓ

151 295 273 333 omnis
286 294 545 343 perfectionis,
557 296 594 332 in
609 300 730 332 morte
742 294 862 341 ipsius
878 296 934 329 est
966 312 967 315 =

151 342 426 380 consummatio
451 344 572 380 omnis
607 342 804 379 sermonis.
829 341 934 377 Unde

153 390 368 437 Apostolus,
383 389 490 427 dicit:
509 392 590 429 Non
602 390 773 434 judicavi
792 399 846 424 me
866 389 936 424 ali-

151 438 444 483 quidscireincer
455 448 528 475 vos,
540 439 741 475 nisiJesum
751 435 934 473 Christum

150 488 183 520 et
208 486 300 521 hunc
329 486 556 530 crucifioeum,
588 494 722 530 nempe
743 483 831 529 quia
863 483 935 519 hoc

151 532 261 576 scire,
274 535 330 569 est
345 532 472 569 omnia
492 531 588 569 scire
606 541 689 577 quas
708 530 754 566 ad
774 530 934 566 salutem

152 582 334 627 spectant.
354 581 461 624 Nam,
493 579 523 615 si
555 578 601 614 de
622 580 844 624 paupertate
866 587 934 613 vo-

150 626 318 664 luntaria
351 626 488 671 agitur,
512 625 595 671 quis
627 635 806 671 umquam
834 635 933 670 pau-

154 674 282 720 perior
303 674 451 710 Christo
467 673 568 709 nudo
586 672 774 719 pendente
791 671 829 708 in
848 682 930 708 cru-
964 695 965 715 2

154 732 210 766 ce,
229 722 319 766 quia.
336 731 405 757 uec
425 720 590 757 habehat
608 719 671 756 ubi
692 722 804 766 capnt
821 729 932 755 suum

154 768 342 804 reclinet?
366 767 403 805 Si
423 767 468 803 de
488 767 702 803 obedientia
723 770 759 803 et
778 765 930 803 humili-

153 818 232 852 tate
250 816 452 861 loquimur,
477 814 560 860 quis
582 825 761 860 umquam
784 815 819 850 in
839 817 930 850 tan—
962 852 963 863 χ

154 867 231 899 tum
251 873 289 898 se
310 862 520 898 humiliavit
539 865 575 898 et
591 860 813 905 exinanivit,
833 862 930 896 sicut

157 909 342 953 Christus,
356 910 418 955 qui
430 911 551 954 faetus
566 912 621 945 est
636 909 803 945 obediens
817 919 930 954 usque
962 921 963 931 ¹

153 957 202 992 ad
220 960 383 1000 mortem,
397 959 545 992 mortem
560 960 678 993 autem
695 957 825 1000 crucis,
839 959 929 990 tan-

154 1006 267 1049 taque
282 1002 370 1039 vilia
384 1005 421 1038 et
435 1013 572 1046 magna
589 1003 792 1050 opprobria
809 1001 930 1038 susti-

152 1054 233 1086 nuit
246 1061 313 1096 pro
329 1049 438 1086 nobis
450 1050 466 1087 *i
478 1049 513 1086 Si
527 1050 572 1086 de
585 1049 753 1086 castitate
766 1051 930 1095 virgina-
962 1074 964 1084 i

154 1096 179 1133 li
201 1097 342 1134 mentio
370 1097 450 1141 fiat,
472 1096 554 1143 quis
576 1096 713 1133 castior
733 1108 796 1140 eo,
823 1097 931 1143 cujus

155 1150 276 1181 mater
292 1144 402 1189 Virgo
419 1148 488 1188 est,
502 1144 608 1190 cujus
626 1145 737 1181 Pater
754 1143 931 1180 feminam

156 1191 308 1228 nescit?
335 1191 372 1228 Si
406 1192 452 1228 de
473 1191 630 1228 caritate
659 1202 781 1228 sermo
806 1190 930 1236 suerit,

155 1239 239 1285 quis
277 1250 454 1286 uinquam
493 1239 675 1285 majorem
703 1238 760 1274 vel
789 1241 933 1274 tantam
964 1236 967 1242 '

159 1286 355 1323 caritatem
377 1287 521 1330 habuit,
537 1297 649 1332 quam
668 1285 851 1329 Christus,
872 1285 935 1331 qui

158 1334 196 1370 in
219 1333 398 1371 Pa5>i01ie
420 1345 487 1371 sua
507 1333 631 1380 posuit
646 1333 812 1370 animam
829 1342 936 1370 suam

158 1392 225 1428 pro
262 1381 394 1417 ovibus
425 1381 517 1426 su1s,
561 1384 598 1417 et
630 1385 707 1417 tam
745 1380 938 1416 horrenda

158 1427 340 1476 supplicia
360 1428 437 1475 pati
470 1427 587 1465 voluit
614 1439 682 1474 pro
706 1427 826 1471 nobis,
852 1437 937 1463 cum

160 1480 284 1513 tamen
297 1487 363 1512 nos
374 1476 536 1512 liberare
550 1475 734 1522 potuisset
749 1475 827 1510 solo
844 1477 938 1510 nutu

162 1522 365 1560 voluntatis
379 1523 397 1559 ‘2
417 1524 456 1558 In
480 1522 659 1559 passione
681 1533 770 1566 ergo
791 1520 938 1558 Domini

160 1570 303 1607 relucet
314 1570 504 1617 exemplar
519 1568 759 1616 perfectionis
771 1568 939 1605 omnium

162 1616 359 1661 virtutum,
370 1617 566 1664 proutjiun
585 1627 698 1662 supra
713 1620 768 1651 est
783 1618 938 1652 tactum.

164 1666 271 1709 Item,
294 1664 331 1700 in
354 1674 398 1699 ea
418 1664 561 1699 relucet
580 1664 784 1709 pei-sectum
812 1673 941 1698 reme-

163 1711 265 1749 dium
282 1715 318 1747 et
335 1710 547 1747 antidotum
561 1713 691 1746 contra
704 1721 853 1745 omnem
871 1708 942 1756 spi-

163 1759 340 1796 ritualem
358 1758 657 1801 morbum.Nam,
680 1767 747 1804 pei·
760 1758 828 1793 hoc
841 1755 942 1802 quod

161 1806 239 1854 pati
252 1805 367 1842 voluit
383 1808 542 1841 mortem
555 1803 941 1850 exprobratissimam,

159 1854 341 1890 habemus
350 1851 558 1889 remedium
568 1855 698 1888 contra
711 1851 940 1898 superbiam3

161 1911 228 1948 per
247 1902 315 1936 lioe
336 1900 435 1947 quod
453 1899 661 1936 latronibus
687 1909 726 1935 se
754 1898 942 1935 associare

159 1947 288 1992 voluit,
303 1946 514 1984 remedium
535 1947 678 1993 praebet
699 1949 829 1982 contra
852 1944 943 1981 invin

165 1994 280 2039 diam;
303 2005 371 2042 per
388 1996 458 2031 hoc
474 1994 574 2039 quod
589 1997 722 2030 contra
734 1995 854 2039 ipsum
871 1992 944 2028 iiia.-

165 2043 408 2088 sphemantes
430 2041 599 2081 obticuit,
620 2040 829 2077 remedium
850 2050 944 2086 prae-

165 2090 229 2125 bet
240 2087 491 2132 contrairanu
510 2099 575 2132 per
590 2088 661 2123 hoc
673 2086 822 2134 quodin
833 2097 942 2123 cruce

165 2135 344 2180 distendi,
362 2139 399 2172 et
422 2135 538 2172 clavis
559 2135 659 2171 cruci
686 2134 790 2180 affigi
810 2134 941 2178 voluit,

161 2184 305 2229 praebet
335 2182 543 2219 remedium
579 2185 711 2218 contra
746 2180 942 2226 accidiam,

166 2241 250 2277 quae
284 2241 358 2266 non
397 2228 485 2266 sinit
511 2228 686 2275 amplecti
715 2227 943 2274 poenitentiae

166 2288 340 2321 crucem;
365 2288 432 2324 per
458 2277 541 2323 ejus
561 2287 648 2313 vero
678 2275 886 2313 nuditatem
907 2278 945 2311 et

165 2328 425 2371 paupertatem
449 2351 459 2367 ,
499 2324 683 2360 habemus
734 2322 943 2358 remedium
977 2339 978 2364 ;

165 2375 298 2408 contra
318 2370 542 2415 avaritiam3
572 2382 638 2417 per
661 2369 757 2406 fellis
784 2373 821 2406 et
847 2368 943 2405 aceti
977 2374 978 2383 ¹

165 2417 482 2465 degustationem,
519 2418 700 2454 habemus
734 2416 943 2454 remedium

170 2471 301 2503 contra
313 2466 437 2511 gulam
450 2472 540 2510 ;per
552 2465 748 2501 vulnerum
772 2463 944 2501 inflictio·
978 2478 979 2481 ¹

171 2523 271 2555 nem,
286 2516 322 2548 et
343 2512 480 2548 summi
511 2512 652 2548 doloris
687 2511 942 2557 afflictionem,

172 2560 357 2596 habemus
372 2558 581 2596 remedium
598 2563 729 2594 contra
744 2557 943 2602 luxuriam,
977 2553 979 2566 ⁵

170 2610 205 2643 et
226 2607 308 2643 haec
328 2609 415 2642 sunt
432 2608 573 2652 septem
596 2604 718 2651 sigilla
738 2605 877 2642 librum
893 2603 944 2642 vi-

167 2657 214 2691 ta}
238 2652 513 2699 consignantia,
539 2663 621 2698 quae
649 2652 816 2689 Christus
837 2651 944 2688 nobis

168 2700 207 2737 in
236 2700 413 2739 passione
444 2698 604 2748 aperuit,
626 2702 662 2735 et
683 2702 814 2746 postea
835 2697 945 2737 nohis

1008 198 1046 234 iu
1067 198 1246 235 Passione
1271 199 1406 236 Christi
1442 198 1651 245 adimpleta
1672 199 1783 236 vidc—

1008 256 1103 282 mus.
1125 245 1307 293 Denique,
1327 245 1356 282 si
1376 246 1422 283 de
1440 244 1626 292 patientia
1644 246 1783 291 agitur,

1007 295 1088 330 tota
1107 293 1236 330 Passio
1264 293 1617 330 excellentissimam
1649 293 1783 331 Christi

1008 342 1229 386 patientiam
1249 341 1495 377 demonstrat.
1509 342 1545 377 Si
1562 341 1607 377 de
1621 344 1784 377 conteni-

1007 391 1074 435 ptu
1100 388 1245 433 mundi,
1268 392 1304 426 et
1333 387 1587 425 abstractione
1618 399 1639 424 a
1671 389 1784 425 rebus

1008 435 1263 471 mundialibus
1282 435 1484 481 loquimur,
1504 435 1587 481 quis
1607 446 1785 481 umquam

1008 482 1218 530 elongatior
1235 486 1273 518 et
1291 482 1517 519 abstractior
1543 484 1589 519 ab
1609 482 1785 519 omnibus

1006 529 1183 574 terrenis,
1205 540 1317 575 quam
1338 529 1507 566 Christus
1533 529 1571 565 in
1593 541 1702 566 eruce
1723 541 1803 568 su-.

1007 587 1075 623 pra
1097 581 1253 621 terram,
1281 579 1317 612 et
1346 586 1459 622 super
1482 576 1610 613 omnia
1633 580 1786 613 terrena

1009 624 1176 660 elevatus
1198 627 1234 659 et
1261 624 1502 660 abstractus?
1525 623 1562 659 Si
1590 624 1636 660 de
1660 623 1784 659 absti—

1007 671 1137 709 nentia
1171 673 1208 707 et
1235 670 1397 718 jeJ'unio,
1421 681 1486 707 seu
1507 670 1628 707 victus
1658 670 1786 707 inedia

1008 718 1152 755 mentio
1174 719 1254 764 fiat,
1275 717 1446 754 Christus
1465 717 1559 753 nihil
1582 717 1621 754 in
1639 717 1784 754 Passio-

1006 777 1053 802 ne
1072 776 1140 801 sua
1160 764 1233 801 nisi
1255 765 1316 810 sel,
1339 768 1375 801 et
1396 768 1556 809 acetum,
1580 765 1634 801 vel
1654 764 1784 801 vinum

1006 813 1234 850 mirrhatum
1265 812 1441 858 gustavit.
1469 812 1506 849 Si
1543 812 1590 848 de
1615 811 1783 860 corporis

1005 859 1249 906 castigatione
1284 860 1424 906 agitur,
1465 860 1570 905 cujus
1606 870 1784 905 umquam

1005 918 1137 954 corpus
1176 907 1216 942 in
1252 911 1399 943 tantum
1436 907 1660 952 castigatum
1700 906 1783 950 fuit,

1004 960 1185 1002 quantum
1206 965 1341 1001 corpus
1362 954 1509 990 Domini
1535 954 1572 990 iu
1594 953 1727 990 cruce?
1746 953 1783 990 Si

1005 1003 1049 1039 de
1066 1001 1235 1038 efficacia
1249 1001 1430 1038 orationis
1451 1012 1574 1038 sermo
1599 1002 1678 1046 fiat,
1700 1000 1784 1047 quis

1006 1060 1184 1096 umquam
1227 1048 1417 1085 efficacius
1454 1048 1602 1085 Christo
1642 1047 1784 1092 oravit,

1006 1096 1126 1143 quiex
1145 1095 1359 1132 vehementi
1378 1096 1589 1132 attentione
1602 1094 1785 1131 orationis¹

1006 1148 1130 1190 guttas
1152 1143 1378 1189 sanguineas
1398 1143 1576 1180 sudavit?
1592 1142 1628 1178 Si
1650 1144 1694 1178 de
1714 1142 1786 1178 ele-

1007 1201 1268 1236 emosynarum
1302 1190 1514 1235 largitione,
1543 1193 1606 1226 aut
1633 1190 1677 1225 de
1706 1188 1787 1225 aliis

1010 1237 1281 1275 misericordiae
1294 1237 1472 1283 operibus
1485 1236 1689 1283 loquimur,
1704 1236 1788 1282 quis

1011 1296 1189 1332 umquam
1210 1285 1393 1331 maJorem
1414 1284 1692 1331 eleemosynam
1724 1284 1788 1320 de-

1011 1333 1078 1377 dit,
1098 1343 1212 1378 quam
1228 1332 1307 1378 ipse
1318 1331 1500 1376 Christus,
1519 1331 1580 1378 qui
1599 1331 1789 1377 proprium

1012 1381 1157 1426 Corpus
1179 1390 1287 1415 suum
1301 1378 1339 1415 in
1353 1379 1492 1423 cibum,
1505 1383 1540 1415 et
1559 1378 1790 1424 Sanguinem

1012 1437 1120 1463 suum
1157 1426 1195 1463 in
1230 1431 1377 1473 potum,
1418 1426 1526 1462 nobis
1568 1425 1792 1473 pauperibus

1012 1474 1050 1511 in
1074 1475 1352 1520 eleemosynam
1396 1478 1615 1519 perpetuam
1661 1472 1788 1518 dedit3

1012 1522 1185 1557 infirmos
1206 1522 1320 1556 etiam
1342 1519 1518 1560 visitavit,
1537 1521 1626 1556 dum
1640 1519 1792 1556 infirma

1013 1568 1283 1614 discipulorum
1320 1567 1434 1604 corda
1464 1566 1686 1603 confortavit
1705 1595 1714 1611 ,
1755 1570 1792 1603 et

1015 1627 1135 1661 aegros
1164 1615 1300 1650 multos
1331 1613 1488 1658 curavit,
1511 1613 1677 1661 captivos
1698 1614 1790 1649 mul-

1014 1668 1073 1700 tos
1108 1662 1147 1698 iu
1182 1662 1295 1697 limbo
1332 1661 1505 1703 redemit,
1543 1665 1710 1697 mortuos
1745 1661 1792 1697 de

1015 1708 1222 1756 sepulchris
1241 1708 1447 1744 suscitasti.
1470 1708 1505 1744 Si
1524 1708 1569 1744 de
1591 1708 1791 1744 dilectione

1016 1756 1256 1793 inimicorum
1276 1755 1413 1800 agitur,
1438 1755 1476 1791 in
1496 1766 1604 1792 cruce
1626 1755 1792 1802 pendens

1019 1815 1084 1850 pro
1110 1803 1189 1839 suis
1215 1802 1501 1839 crucifixoribus
1524 1802 1669 1846 oravit3
1702 1805 1738 1838 et
1760 1801 1790 1839 si

1017 1852 1063 1888 de
1085 1851 1320 1888 offensarum
1341 1849 1563 1886 dimissione
1586 1849 1789 1895 loquimur,

1017 1899 1100 1945 quis
1140 1908 1317 1945 umquam
1345 1897 1539 1934 liberalius
1566 1896 1706 1933 dimisit
1726 1896 1791 1934 de-

1017 1945 1097 1983 bita
1116 1944 1347 1982 debitoribus
1367 1944 1444 1980 suis
1474 1954 1585 1991 quam
1608 1943 1803 1986 Christus,-

1018 1992 1080 2039 qui
1100 1991 1237 2028 latroni
1258 2002 1328 2027 non
1349 1992 1469 2034 solum
1491 1991 1618 2027 debita
1637 1990 1790 2037 dimisit,

1017 2040 1082 2077 sed
1121 2043 1156 2075 et
1182 2038 1399 2085 paradisum
1433 2037 1503 2073 sibi
1524 2037 1728 2084 promisit?
1749 2040 1793 2074 Et

1017 2087 1070 2123 sic
1090 2087 1137 2123 de
1169 2085 1354 2123 similibus
1378 2085 1605 2130 inducendo,
1627 2096 1692 2130 per
1713 2085 1791 2122 sin-

1015 2134 1103 2181 gula
1115 2144 1230 2180 opera
1241 2131 1598 2180 supererogationis,
1618 2143 1700 2178 quae
1715 2142 1791 2170 om-

1017 2181 1080 2217 nia
1112 2180 1149 2217 in
1172 2179 1352 2217 passione
1375 2179 1527 2223 Christi,
1552 2179 1582 2215 si
1611 2179 1706 2216 bene
1725 2179 1790 2216 ad-

1016 2227 1214 2273 vertimus,
1247 2230 1563 2273 supereroganter
1588 2227 1792 2273 adimpleta

1015 2274 1255 2319 invenimus3
1282 2273 1456 2309 similiter
1476 2277 1512 2309 et
1543 2285 1623 2318 uos,
1647 2273 1677 2310 si
1698 2284 1791 2320 per-

1016 2322 1103 2359 fecti
1125 2321 1336 2358 imitatores
1355 2320 1491 2357 Christi
1511 2331 1592 2357 esse
1606 2321 1790 2368 volumus,

1016 2369 1224 2415 adimplere
1245 2368 1302 2404 vel
1324 2367 1361 2403 in
1386 2368 1498 2410 sacto,
1513 2368 1568 2402 vel
1587 2367 1624 2404 in
1648 2367 1792 2404 deside-

1016 2416 1087 2461 rio,
1111 2417 1168 2452 vel
1190 2415 1227 2452 in
1248 2414 1457 2451 ministerio
1483 2415 1675 2451 debemus.
1698 2416 1790 2451 Nam

1017 2464 1112 2501 sicut
1132 2462 1223 2500 dicit
1242 2464 1482 2507 Hieronymus
1504 2475 1514 2498 .-
1535 2476 1553 2495 «
1575 2462 1728 2508 Singula
1745 2472 1791 2498 ea

1017 2522 1098 2557 quae
1113 2510 1212 2546 circa
1223 2508 1422 2545 Dominum
1435 2508 1471 2544 iu
1490 2509 1668 2545 Passione
1684 2511 1790 2556 gesta

1016 2561 1118 2602 sunt,
1138 2555 1308 2605 quamvis
1325 2558 1343 2592 J
1349 2555 1446 2592 udiei
1468 2560 1504 2592 et
1527 2555 1590 2593 alii
1606 2566 1789 2602 quaecum-

1016 2616 1088 2652 que
1107 2605 1275 2641 secerunt
1293 2603 1366 2639 alia
1386 2606 1511 2640 mente
1532 2604 1711 2648 fecerunt,
1725 2613 1789 2639 no-

1016 2650 1790 2696 bistamencredentibusmysticaass‘erunt

1020 2700 1278 2742 sacramenta;
1318 2697 1369 2734 sic
1397 2697 1509 2736 etiam
1531 2699 1606 2746 ipse
1629 2696 1789 2745 Caiphas

169 2747 256 2786 vitas
273 2748 415 2787 aditum
432 2746 640 2786 reseravit:
660 2746 839 2793 praedicta
853 2755 943 2792 ergo
976 2762 978 2790 μ
1021 2746 1173 2794 quando
1189 2744 1294 2783 dixit:
1311 2745 1472 2794 Expedit
1488 2755 1598 2783 unum
1614 2745 1789 2783 hominem
