1907 3139
252 172 304 206 DE
341 165 514 202 SCRIBlS
552 164 602 197 ΕΤ
639 162 886 196 PHARISAEIS
920 160 1176 198 AUDIENDlS‚
1214 158 1296 191 SED
1333 155 1415 190 NON
1451 152 1700 189 lMlTANDlS.
1742 149 1802 181 235

167 247 244 280 tum
260 244 379 281 Deus;
396 240 433 272 et
449 235 499 270 sic
519 235 635 269 restat
653 232 751 278 quod
771 232 940 268 Christus

168 294 224 328 est
239 291 349 325 homo
368 288 404 320 et
424 286 531 319 lleus.
549 282 628 316 Non
645 290 733 323 ergo
748 281 858 316 errab
874 284 937 319 ·nt.

168 349 236 375 nec
261 332 606 380 reprehenduntur,
638 327 726 373 qnia
750 327 940 364 Christum

168 386 283 422 tilium
308 378 422 417 David
447 377 599 419 dicunt3
623 375 688 411 sed
706 374 793 421 quia
817 375 940 419 ipsum

166 440 299 480 purum
325 425 529 468 hominem,
558 427 594 460 et
618 434 693 459 non
720 422 782 458 Dei
808 422 940 459 Filium

167 479 337 515 creduut.
361 473 531 511 Christus
548 474 671 507 autem
695 481 769 506 non
791 472 939 506 tantum

164 525 296 568 David,
323 522 389 559 sed
409 526 445 557 et
461 520 522 557 Doi
545 518 678 555 Filium
696 529 735 554 se
757 528 840 554 esse
860 529 942 562 pro-

164 572 280 617 bavit,
308 574 345 606 et
364 580 432 616 per
456 566 718 604 auctoritatem
736 565 851 612 ipsius
872 567 941 601 Da-

164 621 227 657 vid
248 630 312 656 eos
343 615 517 653 convicit.
545 617 591 651 Et
626 625 727 649 nemo
745 617 889 660 poterat
909 615 942 648 ei

163 667 380 713 respondere
394 665 554 706 verbum,
569 661 657 709 quia
671 672 745 697 non
766 664 941 707 poterant

166 715 398 762 Scripturam
424 721 577 759 negare,
606 713 643 746 et
678 708 940 755 irrefragabile

1015 234 1096 267 erat
1117 230 1383 275 argumentum
1402 238 1409 266 ;
1432 236 1546 270 neque
1579 231 1690 258 ausus
1715 219 1793 264 fuit

1015 281 1212 325 quisquam
1233 287 1278 311 ea:
1302 274 1437 309 illudio
1457 283 1537 307 eum
1559 271 1718 307 amulius
1739 269 1796 302 in-

1015 331 1214 369 terrogare,
1249 322 1339 369 quia
1373 321 1480 365 plane
1517 315 1732 353 testimonio
1761 316 1797 350 et

1016 374 1161 410 ratione
1196 375 1306 408 erant
1347 366 1505 404 convicti
1551 366 1651 401 Unde
1676 365 1797 398 Hiero·

1015 432 1145 466 aymus
1165 433 1175 456 :
1195 436 1213 452 (ι
1237 418 1322 455 [deo
1350 413 1532 452 confutati
1560 410 1798 463 sermoni-bus

1017 470 1113 506 ultra
1128 479 1202 504 non
1215 467 1383 507 interrog
1396 466 1464 506 int,
1480 460 1545 497 sed
1564 462 1799 504 apertissime

1015 517 1332 563 comprehensum
1354 514 1533 548 Romanae
1555 506 1708 542 tradunt
1724 515 1798 550 po·-

1014 565 1150 601 testati*
1194 564 1244 598 Ex
1277 571 1350 607 quo
1382 555 1629 603 intelligimus
1656 561 1802 603 venena

1014 611 1164 648 invidiae
1188 620 1298 658 posse
1332 606 1485 654 quidem
1522 610 1710 648 superari,
1733 598 1800 634 sed

1015 659 1169 696 difficile
1192 667 1300 705 posse
1321 656 1519 703 quiescere
1541 663 1549 689 :
1570 663 1589 683 »
1611 649 1693 685 haec
1710 647 1802 683 Hie-

1014 717 1206 752 ronymuS.

900 815 1072 852 ORATIO

215 918 372 957 Domine
398 918 508 959 Deus,
531 915 786 951 sanctificator
803 923 925 955 meus,
948 908 1083 945 misisti
1105 908 1196 944 mihi
1218 908 1340 954 legem
1364 910 1484 948 tuam,
1508 907 1549 940 ut
1570 905 1651 939 toto
1675 900 1804 944 corde,

166 972 246 1005 tota
267 966 405 1008 anima,
424 966 504 999 tota
524 966 665 1006 mente,
692 964 729 997 et
760 971 803 996 ex
823 959 996 996 omnibus
1017 956 1161 993 viribus
1181 954 1272 991 meis
1292 958 1329 991 te
1348 954 1528 1000 diligam,
1551 950 1618 986 sed
1643 960 1713 985 nec
1734 948 1805 983 hoc

166 1016 288 1058 valeo,
309 1012 381 1049 nisi
398 1015 439 1047 tu
460 1010 608 1047 dederis
629 1008 735 1052 mihi,
761 1008 867 1054 cujus
888 1011 939 1042 est
960 1015 1061 1041 omne
1087 1005 1222 1040 donum
1255 1004 1459 1049 perfectum
1486 1003 1519 1035 et
1546 1008 1647 1034 omne
1674 997 1810 1032 datam

166 1065 356 1110 optimum.
391 1059 506 1096 Jubes
525 1061 561 1093 te
591 1056 725 1103 diligi3

758 1055 807 1091 da
830 1055 930 1101 quod
952 1054 1076 1100 jubes,
1114 1052 1258 1097 etjube
1280 1050 1380 1096 quod
1403 1048 1469 1084 vis.
1494 1048 1547 1083 Da
1568 1044 1683 1081 etiam
1711 1042 1803 1079 mihi

166 1110 322 1148 dilioere
340 1106 565 1154 proximum,
589 1105 685 1141 sicut
704 1102 902 1148 meipsum,
928 1104 965 1138 ut
995 1100 1053 1136 hic
1074 1099 1250 1145 gratiam,
1273 1104 1310 1134 et
1332 1097 1382 1133 ibi
1410 1094 1572 1141 gloriam
1594 1101 1802 1136 consequa-

236 1140 255 1157 Ο

167 1169 252 1195 mur
271 1159 308 1193 in
331 1155 507 1200 idipsum.
536 1155 588 1189 Da
607 1153 758 1198 insuper
784 1151 887 1195 mihi,
907 1151 1004 1187 bone
1033 1150 1137 1191 Jesu‚
1167 1150 1206 1183 ut
1225 1150 1261 1182 te
1289 1144 1481 1181 Christum
1512 1141 1620 1177 nobis
1646 1140 1802 1191 missum

167 1209 285 1243 Deum
306 1207 343 1240 et
371 1201 560 1238 bominem
580 1201 694 1237 corde
721 1199 885 1241 credam,
918 1208 982 1233 ore
1005 1196 1200 1238 confitear,
1226 1197 1262 1230 et
1295 1204 1409 1240 opere
1441 1192 1645 1232 contester,
1674 1189 1715 1223 ut
1735 1187 1803 1222 tibi

168 1264 268 1290 nunc
287 1251 476 1298 subjectus
498 1252 644 1295 sponte,
666 1251 790 1284 tecum
809 1245 993 1293 gaudeam
1016 1246 1097 1279 sine
1118 1243 1206 1278 siue.
1230 1244 1360 1278 Amen.

782 1473 962 1519 CAPUT
997 1471 1124 1516 XXX
1134 1470 1203 1513 Vll

435 1640 483 1666 DE
519 1637 664 1666 SCRIBIS
693 1637 743 1665 ET
768 1634 982 1664 PIIARISAEIS
1012 1634 1050 1662 IN
1085 1633 1282 1661 DOCTRINA
1312 1629 1540 1663 AUDIENDIS,

689 1690 760 1718 SED
787 1689 864 1718 NON
882 1689 921 1716 IN
949 1688 1042 1716 VITA
1063 1686 1287 1715 IMITANmS.

624 1821 787 1857 Matthaei
811 1830 893 1866 cap.
920 1821 1047 1863 XXIII,
1070 1817 1182 1854 Marci
1208 1828 1290 1864 cap.
1316 1818 1363 1852 Xl

809 1871 845 1903 et
866 1869 974 1903 Lucae
990 1877 1071 1913 cap.
1090 1867 1168 1902 XlI.

226 2014 237 2034 1
263 1999 381 2035 Ouum
396 2007 474 2036 QUAE
495 2007 517 2031 A
539 2005 799 2031 SACERDOTIBUS
825 2004 951 2028 Pnicei-

174 2057 327 2083 PIUNTUR
355 2055 527 2080 FAcuzNDA
558 2053 669 2078 noem
700 2042 875 2076 Domus.
911 2060 951 2066 —-

175 2092 387 2130 Confutatis
405 2096 532 2127 autern
549 2094 585 2125 et
605 2087 817 2124 tacentibus
847 2088 953 2124 Scri-

174 2141 230 2177 bis
256 2146 294 2176 et
320 2138 534 2181 pharisaeis,
557 2137 621 2183 qui
643 2136 768 2172 dolose
796 2135 954 2171 iuterro-

175 2189 315 2234 gabant
335 2185 536 2224 Dominum
563 2188 603 2221 ut
627 2186 814 2220 tentarent
836 2193 919 2218 eum
943 2193 951 2225 ;

176 2240 273 2274 tunc.
297 2235 429 2271 eadem
454 2234 547 2269 teria
567 2231 692 2275 tertia,
718 2242 763 2266 ne
786 2231 890 2276 plebs
917 2233 954 2265 et

174 2283 235 2319 alii
258 2282 384 2318 idonei
406 2280 486 2316 sine
502 2290 598 2327 pane
619 2279 798 2315 doctrinae
820 2288 954 2313 evane-

175 2333 337 2374 scerent,
361 2330 501 2365 locutus
528 2331 581 2363 est
611 2329 714 2363 Jesus
741 2326 790 2361 ad
810 2325 951 2368 turbas,

175 2378 319 2414 scilicet.
339 2379 384 2413 ad
421 2374 612 2422 simplices
634 2377 670 2410 et
698 2374 951 2419 imperfectos,

176 2429 210 2461 et
232 2426 280 2461 ad
300 2425 502 2470 discipulos
524 2433 607 2458 suos
625 2421 744 2467 magis
767 2421 896 2456 doctos
916 2424 953 2455 et

175 2472 370 2519 perfectos.
388 2470 492 2507 Unde
510 2471 803 2514 chrysostomus.-
821 2481 838 2501 «
853 2468 954 2502 Post-

177 2530 291 2565 quam
310 2520 494 2555 Dominus
508 2518 724 2554 sacerdotes
747 2514 955 2561 responsio-

178 2578 223 2602 ne
244 2565 462 2612 prostravit,
486 2568 522 2601 et
539 2563 838 2606 incorrigibilem
864 2572 952 2597 con-

179 2612 358 2650 ditionem
397 2623 528 2648 eorum
567 2612 745 2654 ostendit,
782 2609 878 2646 sicut
918 2612 955 2644 et

179 2659 320 2704 clerici,
348 2659 378 2696 si
411 2661 509 2696 male
537 2658 705 2702 fecerint,
734 2656 954 2693 inemenda-

178 2707 273 2745 biles
292 2710 392 2749 sunt,
414 2706 496 2743 laici
517 2718 605 2742 vero
623 2706 884 2752 delinquentes
905 2704 956 2739 sa-

179 2754 249 2791 cile
265 2755 534 2797 emendantur3
557 2758 646 2790 tunc
667 2751 852 2790 convertit
871 2762 953 2787 ser-

180 2813 334 2840 monem
366 2802 414 2838 ad
444 2802 638 2850 populum.
671 2800 953 2837 Infructuosum

1026 2000 1191 2036 namque
1212 1994 1268 2026 est
1290 1989 1446 2025 verbum
1467 1988 1505 2024 in
1528 1999 1602 2035 quo
1637 1988 1690 2023 sic
1712 1988 1784 2024 alte
1794 1998 1808 2022 r

1026 2037 1282 2082 confunditur,
1301 2041 1343 2073 ut
1358 2037 1454 2072 alter
1469 2047 1542 2071 non
1558 2035 1768 2071 erudiatur.
1790 2050 1806 2065 υ

1026 2087 1187 2122 Locutus
1207 2088 1262 2121 est
1286 2095 1375 2127 ergo
1396 2084 1444 2119 ad
1466 2094 1531 2119 eus
1551 2083 1749 2118 instruens
1770 2087 1806 2118 et

1028 2136 1164 2170 docens
1203 2132 1421 2169 Scribarum
1458 2134 1495 2167 et
1529 2130 1806 2166 Pharisaeorum

1025 2180 1239 2217 doctrinam
1262 2179 1504 2215 audiendam.
1527 2178 1592 2214 sed
1613 2188 1744 2214 rorum
1760 2177 1810 2212 vi-

1025 2232 1103 2264 tam
1131 2239 1204 2263 non
1235 2227 1471 2269 imitandam,
1497 2231 1535 2262 et
1559 2224 1807 2261 nihilominus

1027 2277 1184 2311 hortans
1204 2285 1269 2311 eos
1303 2273 1436 2319 subjim
1467 2273 1555 2314 illis,
1578 2276 1733 2319 propter
1752 2283 1809 2308 sa-

1026 2322 1183 2359 cerdotii
1204 2325 1242 2359 et
1268 2321 1434 2358 nominis
1468 2322 1705 2367 (lignitatem,
1729 2331 1805 2355 nou

1026 2380 1154 2417 opera,
1177 2370 1243 2406 sed
1267 2369 1476 2405 doctrinam
1499 2368 1802 2411 considerantes3

1026 2418 1220 2464 multaque
1260 2427 1391 2453 eorum
1427 2415 1588 2452 crimina
1624 2425 1806 2451 annume-

1026 2476 1126 2509 ranS‚
1148 2470 1186 2502 et
1202 2464 1297 2501 alios
1314 2466 1361 2501 ab
1384 2465 1435 2499 eis
1453 2465 1676 2500 dehortans.
1702 2463 1807 2499 Unde

1026 2515 1166 2549 locutus
1186 2517 1238 2548 est
1258 2513 1381 2548 dicens
1406 2525 1416 2547 :
1439 2513 1557 2556 Super
1590 2511 1807 2547 cathedram

1025 2563 1177 2605 Moysis.
1200 2560 1239 2596 id
1265 2563 1321 2596 est
1349 2559 1574 2596 auctoritate
1603 2556 1754 2594 dicendi
1774 2560 1812 2593 et

1022 2607 1231 2654 judicandi,
1256 2608 1439 2647 sederunt,
1466 2606 1608 2642 scilicet
1640 2604 1812 2650 indigne,

1025 2656 1162 2693 Scribae
1193 2658 1226 2692 et
1254 2656 1443 2691 Pharisaei.
1473 2652 1662 2690 Cathedra
1686 2654 1812 2687 docto-

1029 2714 1110 2740 rum
1141 2709 1210 2745 est,
1231 2708 1268 2739 et
1292 2702 1375 2738 ideo
1395 2701 1574 2737 dicuntur
1598 2699 1729 2736 sedere
1751 2709 1812 2735 su-

1025 2761 1093 2797 per
1127 2750 1346 2787 cathedram
1387 2749 1539 2795 Moysis,
1575 2746 1639 2793 qui
1668 2746 1807 2782 docent

1027 2798 1127 2846 quod
1140 2797 1264 2835 docuit
1279 2799 1437 2845 Moyses.
1450 2796 1519 2833 Ubi
1535 2795 1637 2831 idem
1656 2794 1810 2841 Chryso-
