1907 3139
423 163 475 197 DE
512 162 762 197 ABLUTIONE
802 163 947 197 l'EDb'M
992 161 1351 197 blsclPULOlzliM.
1647 160 1705 194 335

60 238 186 272 autem
206 243 363 280 surgens
378 243 401 270 a
419 242 525 269 coena
544 232 662 269 linteo
684 243 723 268 se
744 244 839 279 prae-

62 282 232 327 cinxerit,
245 279 464 325 miseritque
477 290 614 326 aquam
629 279 667 315 in
687 280 839 326 pelvim,

59 330 183 376 cogita
200 339 282 375 quae
302 329 493 374 majestas,
515 332 553 363 et
574 338 657 373 quae
677 332 842 373 potestas

62 377 259 413 hominum
279 376 395 423 pedes
414 375 504 411 lavit
519 378 555 411 et
576 375 743 419 extersit,
758 387 841 421 quae

59 424 275 470 benignitas
301 423 507 470 proditoris
539 421 698 468 vestigia
724 423 841 459 sacris

57 472 234 508 manibus
260 469 394 517 tangit.
421 472 555 516 Specta
588 475 625 506 et
651 474 839 516 exspecta,

57 522 95 556 et
111 518 242 555 ultimo
264 519 433 554 omnium
456 520 541 554 tuos
562 517 595 553 ci
627 518 755 564 praebe
777 529 839 563 pe-

57 567 123 603 des
148 565 373 609 abluendos,
407 565 588 611 quoniam
623 576 736 611 quem
764 577 839 601 non

56 613 205 659 laverit,
217 624 293 649 non
307 613 461 650 habebit
474 618 622 659 partem
640 623 723 649 cum
741 623 784 649 eo
798 624 805 649 :
818 626 836 647 »

56 661 138 698 haec
155 662 365 697 Anselmus.

103 712 124 745 8
145 710 236 752 Quin
247 720 393 744 MYSTICE
416 720 542 744 smNAT
562 720 714 745 vesunu
735 721 839 745 REAS-

57 756 235 793 sumpno?
253 777 296 783 —-
317 758 394 792 Hoc
414 759 540 792 autem
563 756 709 802 expleto
730 756 838 792 mini-

55 803 185 846 sterio,
212 803 312 850 quod
332 803 379 839 ad
400 802 654 839 humilitatem
671 803 837 850 pertine-

54 851 120 888 bat
145 850 347 897 obsequii,
376 854 413 887 et
451 851 498 887 ad
534 850 837 897 purificationem

55 909 175 935 coenae
204 898 381 945 Corporis
415 898 487 942 sui,
506 897 695 944 reaccepit
717 899 837 934 vesti—

54 951 184 983 menta
205 957 274 982 sua
294 950 331 982 et
350 945 463 982 rediit
488 945 537 981 ad
557 945 681 981 locum
703 957 834 981 coenae.

53 995 250 1040 Postquam
285 1004 368 1038 erqo
391 994 483 1029 lavit
508 993 618 1039 pedes
642 1004 776 1038 eorum,
805 996 838 1028 et

53 1044 193 1088 accepit
222 1043 437 1077 vestimenta
467 1051 535 1076 sua
559 1053 569 1076 ε
604 1040 692 1087 quia
718 1043 839 1077 mutat

53 1088 236 1133 officium,
258 1092 380 1124 mutat
398 1092 435 1124 et
454 1087 626 1124 habitum
645 1099 653 1131 ;
684 1088 732 1124 ad
757 1099 837 1124 ser—

50 1135 229 1173 viendum
251 1136 476 1172 vestimenta
497 1135 684 1182 deposuit,
703 1135 750 1171 ad
769 1137 838 1171 do-

51 1184 210 1220 cendum
227 1185 384 1220 resumit
404 1186 441 1219 et
457 1183 584 1228 sedet;
608 1187 647 1219 ut
665 1185 765 1219 enim
786 1183 839 1219 di-

50 1231 148 1267 citur
166 1230 204 1267 in
226 1230 488 1267 Ecclesiastico
513 1242 522 1266 ε
540 1231 708 1266 Amictus
726 1232 838 1266 homi-

52 1280 126 1323 nis,
149 1280 318 1315 enuntiat
338 1279 382 1314 de
407 1279 487 1314 illo.
512 1279 585 1314 Per
611 1279 683 1314 hoc
710 1282 838 1314 autem

51 1325 231 1370 ostendit,
260 1326 361 1372 quod
394 1324 567 1372 superior
596 1328 682 1372 post
713 1329 837 1362 actum

51 1373 280 1410 humilitatis
308 1374 419 1410 debet
445 1383 637 1409 resumere
665 1372 836 1409 debitum

50 1420 220 1457 officium
245 1420 491 1457 auctoritatis.
515 1420 668 1467 Mystice
694 1424 836 1465 autem,

51 1469 260 1505 secundum
282 1469 495 1512 Alcuinum,
517 1467 673 1514 impleta
692 1468 839 1504 redem-

49 1515 190 1562 ptionis
223 1519 363 1552 nostrae
388 1517 628 1562 purgatione,
662 1525 729 1560 per
748 1526 837 1551 san-

50 1563 174 1610 guinis
195 1563 253 1599 sui
285 1563 524 1607 effusionem,
551 1562 696 1608 accepit
720 1563 835 1599 vesti—

49 1615 177 1647 menta
194 1621 276 1655 sua,
290 1610 402 1647 tertia
416 1610 477 1646 die
495 1611 540 1646 de
557 1610 755 1656 sepulchro
775 1621 836 1646 re-

47 1668 220 1704 surgens,
250 1660 287 1694 et
320 1658 454 1694 eodem
484 1668 641 1703 corpore
661 1658 741 1704 Jam
766 1659 837 1693 im-

48 1705 198 1741 mortali
213 1706 369 1741 vestitus
389 1705 557 1740 ascendit
571 1704 610 1740 in
628 1706 779 1749 coelum,
802 1708 839 1741 et

49 1753 87 1788 in
105 1753 259 1789 dextera
276 1756 446 1799 patcrnae
464 1751 672 1787 divinitatis
690 1763 836 1788 recum-

49 1799 118 1845 bit,
145 1800 235 1836 inde
263 1805 442 1836 venturus
463 1800 510 1835 ad
528 1800 789 1845 judicandum.

98 1863 118 1895 9
140 1849 217 1884 CUM
242 1859 352 1883 FACTA
384 1859 471 1884 PLUS
504 1858 600 1888 QUAM
626 1859 743 1882 VERBA
770 1858 838 1882 uo-

47 1906 179 1939 νΕΑΝΤ,
217 1896 393 1932 Cnmsrns
431 1907 497 1931 PER
540 1906 608 1930 noc
645 1906 839 1931 niscmums

48 1953 237 1979 EXEMPLUM
257 1955 349 1979 DARE
367 1954 509 1979 voum.
529 1963 574 1968 —
601 1943 657 1988 Et,
682 1954 761 1978 cum
781 1953 837 1977 re-

49 1991 230 2026 cubuisset
254 1992 387 2026 iterum
407 1991 455 2026 ad
488 2000 635 2026 coenam
662 1989 838 2036 Corporis

49 2036 106 2074 sui
128 2037 354 2083 faciendam,
376 2037 504 2074 docuit
533 2048 599 2073 eos
622 2047 739 2083 quare
766 2038 838 2073 hoc

47 2085 194 2130 fecerit,
229 2085 269 2121 in
304 2085 518 2131 exemplum
542 2084 684 2120 scilicet
706 2089 837 2120 mutuo

49 2132 120 2168 sibi
138 2132 341 2169 serviendi.
366 2133 472 2169 Unde
494 2134 594 2168 discit
616 2134 667 2168 eis
693 2142 701 2167 ε
724 2133 837 2168 Scitis

48 2181 140 2225 quid
174 2182 325 2224 fecerim
349 2181 478 2215 vobis?
506 2180 542 2215 id
569 2183 625 2216 est
656 2183 836 2225 quantam

47 2226 300 2263 humilitatem
322 2226 556 2263 exhibuerim
580 2227 695 2263 vobis.
721 2229 837 2262 Inter-

48 2278 170 2320 rogat,
191 2279 230 2310 ut
247 2286 312 2311 eos
333 2279 496 2310 attentos
522 2275 668 2310 reddat.
692 2273 836 2310 Deinde

49 2332 113 2358 eos
144 2322 190 2358 ad
221 2322 446 2358 imitandum
478 2333 585 2358 suum
624 2322 834 2367 exemplum

49 2369 250 2414 confortat,
274 2369 325 2405 sic
346 2369 472 2405 dicens
496 2381 504 2404 ε
530 2372 602 2406 Vos
622 2371 760 2404 vocatis
781 2379 836 2403 'me

50 2418 229 2460 Maqister
268 2421 302 2452 et
333 2419 497 2461 Domine,
519 2421 551 2452 et
582 2417 666 2452 bene
694 2417 833 2458 dicitis,

50 2474 140 2510 quia
155 2475 283 2500 verum
303 2469 360 2501 est
381 2465 479 2510 quod
508 2464 644 2509 dicitis,
665 2475 744 2499 sum
764 2467 834 2499 ete-

49 2513 140 2553 nim,
160 2511 339 2557 Magister
365 2515 402 2547 et
422 2510 616 2556 Dominus,
652 2512 740 2556 quia
767 2509 833 2546 Dei

51 2557 184 2603 virtus,
212 2559 322 2594 simul
349 2559 416 2595 Dei
441 2563 478 2594 et
504 2558 690 2605 sapientia
718 2569 726 2593 ε
756 2559 834 2593 Ma-

52 2605 182 2652 gister,
215 2605 383 2652 inquam,
411 2610 565 2652 propter
595 2606 833 2650 sapientiam,

54 2663 165 2699 quam
178 2653 294 2689 doceo
306 2653 486 2699 vosipsos,
498 2658 534 2690 et
543 2653 737 2694 Dominus,
747 2663 834 2699 pro-

53 2704 138 2747 pter
170 2701 392 2746 potentiam,
428 2712 542 2747 quam
581 2700 736 2737 ostendo
768 2699 835 2735 mi-

54 2746 206 2783 raculis.
230 2747 324 2791 Quia
340 2758 427 2784 vero
447 2747 539 2784 dicit
557 2758 695 2794 magna
713 2747 760 2783 de
781 2758 834 2792 se,

55 2805 132 2834 non
155 2797 214 2832 est
232 2795 464 2841 arrogantia,
487 2796 553 2833 sed
574 2795 727 2840 veritas,
749 2805 834 2841 quae

918 233 1071 280 prodest
1107 231 1364 276 auditoribus,
1408 230 1502 268 sicut
1541 233 1629 270 facit
1666 237 1702 269 et

917 281 1067 317 Paulus.
1086 280 1192 316 Unde
1214 279 1444 323 Auqustinus
1469 293 1479 315 .·
1503 295 1521 313 «ι
1550 281 1701 327 Vitupe-

917 328 1036 365 rabile
1060 330 1117 364 est
1137 327 1237 372 quod
1259 327 1418 372 quisque
1441 337 1480 362 sc
1507 339 1699 364 commcn-

916 376 992 421 det,
1020 377 1175 423 propter
1207 373 1417 420 periculum
1442 375 1697 421 superbiendi.

916 426 1008 460 Nam
1031 421 1283 470 periculosum
1307 424 1363 457 est
1379 420 1447 457 sibi
1463 423 1626 468 placere,
1640 422 1699 459 cui

915 471 1122 507 cavendum
1158 474 1215 505 est
1256 468 1467 514 superbire.
1508 470 1575 506 Ubi
1610 481 1699 516 ergo

915 529 991 554 non
1010 518 1182 554 imminet
1203 515 1414 563 periculum
1440 518 1699 563 superbiendi,

914 577 990 602 non
1011 569 1066 602 est
1088 565 1313 611 vituperium
1333 563 1487 610 propria
1508 575 1700 601 commen-

913 613 1027 649 datio.
1054 614 1094 648 In
1129 613 1275 649 Christo
1297 614 1425 647 autern
1460 611 1530 647 hoc
1550 612 1700 658 pericu·

912 661 989 696 lum
1010 671 1086 696 non
1103 659 1333 696 timebatur:
1352 658 1414 694 ille
1433 658 1536 694 enim
1556 659 1620 705 qui
1643 671 1703 696 su-

911 718 980 754 per
1012 708 1140 744 omnia
1181 710 1250 751 est,
1288 709 1637 753 quantumcumque
1662 718 1701 744 se

912 755 1053 799 laudet,
1078 766 1153 791 non
1175 766 1214 791 se
1236 753 1380 790 extollit
1397 754 1577 790 excelsus.
1592 756 1700 800 Item,

913 802 1001 848 quia
1036 802 1240 848 aliquando
1278 800 1466 837 laudabile
1507 805 1562 838 est
1601 803 1702 848 quod

912 851 1025 885 homo
1048 860 1087 885 se
1106 849 1359 894 commendet,
1382 849 1533 895 quando
1555 850 1702 886 scilicet

913 897 1012 933 cedit
1047 897 1094 932 ad
1123 896 1326 932 utilitatem
1369 896 1553 942 fidelium,
1586 898 1699 934 etsie

911 944 1113 991 Apostolus
1136 943 1479 980 commcndavitse.
1497 945 1569 982 Sed
1591 946 1700 982 valde

913 996 969 1028 est
991 991 1097 1028 nobis
1116 991 1204 1027 utile
1225 995 1261 1027 et
1276 991 1531 1028 necessarium
1549 996 1589 1029 ut
1607 1004 1698 1039 cog·

912 1050 1112 1076 noscamus
1149 1041 1281 1083 Deum,
1313 1040 1414 1075 unde
1446 1040 1595 1086 expe-lit
1631 1052 1700 1077 no-

913 1088 970 1123 bis
998 1087 1098 1133 quod
1131 1086 1432 1133 magnitudinem
1462 1098 1569 1124 suam
1591 1088 1701 1125 nobis

911 1138 1066 1179 revelet,
1087 1138 1125 1170 et
1153 1135 1236 1170 ideo
1258 1138 1407 1180 oportet
1435 1135 1536 1180 quod
1555 1135 1632 1182 ipse
1660 1147 1700 1173 se

911 1181 1021 1218 nohis
1042 1182 1183 1218 laudet.
1221 1183 1303 1218 Non
1336 1185 1393 1218 est
1416 1181 1532 1228 igitur
1557 1182 1698 1220 veritas

912 1229 1139 1277 quandoque
1165 1230 1326 1266 tacenda
1352 1240 1420 1275 pro
1451 1229 1604 1267 vitanda
1629 1232 1697 1277 J'a-

913 1277 1067 1313 ctantia.
1093 1290 1110 1311 »
1133 1278 1239 1313 Unde
1270 1281 1308 1313 et
1340 1278 1535 1321 Gregyorz’us
1556 1291 1566 1313 .·
1597 1292 1615 1313 «
1638 1281 1698 1315 ln-

912 1325 1011 1361 cauti
1036 1329 1123 1360 sunt
1146 1324 1322 1370 humiles,
1353 1325 1417 1371 qui
1442 1335 1481 1361 se
1502 1326 1700 1364 mendacio

911 1372 1137 1418 illaqueant,
1160 1372 1249 1408 dum
1273 1372 1531 1419 arrogantiam
1550 1372 1671 1410 vitant
1690 1386 1699 1420 ;

912 1419 1092 1466 quoniam
1113 1424 1245 1456 contra
1261 1419 1458 1456 veritatem
1479 1431 1520 1456 se
1536 1420 1701 1468 erigunt,

913 1477 1025 1513 quam
1056 1466 1290 1512 relinquunt.
1311 1468 1380 1510 Qui
1400 1467 1516 1511 enim,
1537 1470 1701 1506 necessi-

912 1518 989 1550 tate
1011 1517 1185 1560 cogente,
1205 1525 1294 1551 vera
1323 1515 1371 1551 de
1395 1525 1434 1551 se
1454 1516 1557 1551 bona
1575 1516 1699 1563 loqui-

912 1565 987 1606 tur,
1008 1564 1114 1598 tanto
1132 1561 1253 1607 magis
1277 1561 1480 1598 humilitati
1511 1563 1698 1611 Jungitur‚

913 1614 1055 1655 quanto
1076 1609 1225 1645 veritati
1246 1609 1425 1646 sociatur.
1453 1623 1472 1642 2>
1505 1612 1608 1647 Tunc
1637 1624 1700 1649 ar-

911 1656 991 1703 guit
1017 1656 1188 1693 Christus
1212 1667 1234 1692 a
1266 1657 1420 1694 minori:
1450 1658 1493 1694 Si
1516 1669 1599 1703 erqo
1634 1672 1697 1705 eqo

915 1706 991 1739 lavi
999 1705 1109 1750 pedes
1124 1707 1260 1740 vestros
1271 1707 1446 1741 Dominus
1459 1708 1493 1740 et
1504 1707 1698 1751 Magister,
1742 1742 1744 1745 ,

914 1752 961 1787 de
979 1762 1052 1797 quo
1075 1753 1197 1787 minus
1219 1751 1378 1797 videtur,
1398 1758 1434 1789 et
1455 1754 1555 1798 quod
1574 1755 1700 1793 minus

914 1803 997 1834 erat
1017 1799 1185 1834 debitum
1200 1811 1208 1843 ;
1225 1803 1258 1835 et
1284 1811 1358 1845 vos,
1376 1799 1528 1836 'scilicet
1548 1802 1620 1838 mei
1643 1803 1699 1840 di-

915 1845 1047 1892 scipuli
1070 1848 1190 1882 multo
1206 1847 1341 1883 fortius
1360 1848 1497 1883 debetis
1516 1849 1585 1885 hoe
1603 1850 1701 1887 scili-

915 1898 973 1929 cet
1006 1893 1176 1939 exemplo
1205 1895 1398 1940 provocati
1425 1897 1519 1931 alter
1544 1899 1699 1935 alterius

916 1942 1040 1976 lavare
1056 1941 1167 1987 pedes
1181 1969 1192 1982 ,
1215 1945 1252 1977 et
1270 1942 1316 1977 ad
1339 1953 1453 1979 omne
1473 1942 1700 1991 obsequium

913 1987 1105 2024 humiliari
1129 2000 1137 2024 ε
1162 1988 1250 2034 quia
1270 1989 1448 2036 Magister
1468 2000 1699 2037 sum,meam

914 2035 1123 2071 doctrinam
1148 2035 1324 2081 recipite;
1345 2041 1382 2073 et
1397 2038 1485 2084 quia
1502 2040 1697 2087 Dominus,

913 2094 1040 2119 meum
1061 2083 1280 2119 mandatum
1303 2086 1502 2124 custodite.
1536 2088 1603 2124 Hic
1630 2099 1699 2136 per

912 2141 1028 2183 unum
1061 2130 1284 2183 obsequium
1305 2133 1542 2179 accipiuntur
1563 2147 1696 2182 synec-

911 2178 1067 2214 dochice
1094 2189 1223 2214 omnia
1249 2178 1323 2215 alia
1350 2182 1533 2227 obsequia
1559 2183 1694 2220 frater-

910 2236 971 2260 na.
994 2224 1107 2269 Quasi
1126 2225 1269 2262 diceret
1291 2239 1299 2262 ε
1323 2229 1476 2266 Debetis
1490 2230 1595 2267 vobis
1616 2242 1694 2268 mu-

910 2276 976 2308 tua
997 2273 1179 2319 obsequia
1212 2275 1436 2312 humilitatis
1464 2282 1500 2313 et
1524 2278 1693 2315 caritatis

909 2319 1101 2373 exhibere,
1125 2321 1268 2357 scilicet
1289 2323 1447 2360 invicem
1463 2325 1693 2373 ministrare,

908 2378 1068 2403 invicem
1078 2368 1235 2414 injurias
1247 2368 1523 2418 dimittere‚pro
1532 2373 1694 2411 invicem

908 2425 1030 2450 orare.
1057 2417 1158 2451 Unde
1180 2417 1452 2461 Cltrgssostomus
1481 2432 1489 2456 ε
1520 2434 1538 2455 ((
1558 2422 1693 2458 Nonin

907 2462 1067 2498 lavando
1091 2463 1201 2508 pedes
1221 2465 1320 2500 hanc
1340 2466 1462 2512 legem
1481 2467 1613 2505 scribit
1633 2480 1693 2505 so-

911 2510 1116 2562 lummodo,
1145 2511 1211 2546 sed
1244 2517 1281 2547 et
1310 2512 1349 2548 in
1383 2514 1468 2550 aliis
1497 2516 1694 2561 omnibus,

910 2567 995 2603 quae
1004 2568 1105 2593 circa
1113 2569 1181 2594 nos
1190 2560 1428 2598 monstravit.
1441 2576 1459 2594 »
1474 2565 1692 2609 Eaeemplum

909 2607 1004 2640 enim
1022 2605 1108 2640 dedi
1122 2607 1238 2651 vobis,
1250 2611 1291 2642 ut
1309 2610 1612 2653 quemadmodum
1629 2622 1692 2655 eqo

908 2653 982 2695 feci
1001 2653 1373 2706 vobis-humiliando
1395 2667 1455 2693 me
1476 2657 1544 2693 sub
1567 2658 1688 2703 vobis;

908 2701 963 2752 ita
982 2704 1015 2735 et
1032 2710 1094 2736 vos
1113 2701 1315 2738 lnl'eriores
1333 2705 1486 2747 faciatis
1506 2704 1610 2741 vobis
1630 2705 1694 2741 in-

908 2757 1044 2800 vicem,
1060 2750 1097 2801 et
1114 2749 1274 2786 maxime
1288 2749 1327 2786 in
1339 2761 1428 2787 casu
1442 2751 1690 2789 necessitatis.

910 2794 1022 2838 Quam
1061 2794 1237 2833 diceret:
1270 2798 1352 2834 Non
1370 2799 1489 2836 solum
1517 2799 1586 2836 hoc
1624 2799 1698 2840 feci
