1907 3139
769 193 819 226 Ei·
858 192 1150 226 NUMERORUM.

300 299 452 335 CAPUT
472 299 610 334 XLVII.
636 318 677 324 -—
701 301 751 334 De
773 300 907 335 cumbis
922 300 1133 346 praecinctis
1152 302 1186 335 et
1209 300 1371 335 lucernis
1383 299 1614 335 ardentibus.

171 395 181 416 1
207 381 302 425 Quid
323 380 398 417 sint
412 380 530 417 lumbi
551 379 746 427 praecincti
768 384 805 416 et
1023 384 1044 424 4
1065 381 1156 416 Tres
1177 378 1316 426 vigiliae
1330 379 1369 415 in
1388 390 1503 416 sensu
1515 380 1658 417 littera-

191 428 352 465 lucernae
373 428 551 465 ardentes
567 428 585 464 ἶ)
858 442 920 474 291
1047 427 1072 463 11
1094 430 1132 464 et
1159 427 1307 463 morali.

167 489 184 511 2
206 475 417 512 Retributio
440 486 524 522 quae
556 479 683 512 manet
709 475 805 521 vigi·
1023 479 1041 509 5
1066 474 1231 511 Scientia
1269 474 1419 520 culpam
1455 479 1659 522 aggravat„

189 523 310 560 lantes
331 528 368 559 et
389 523 550 560 Domino
571 522 798 569 aperientes.
855 538 921 569 292
1047 534 1114 558 nec
1147 526 1297 558 excusat
1325 521 1541 568 ignorantia
1567 522 1661 559 affe-

165 573 184 605 5
205 571 454 614 Quandonam
489 571 615 616 pulsat
670 569 797 606 Domi-
1046 573 1158 607 ctata.

190 629 260 654 11115
281 622 318 655 et
338 618 373 654 ei
394 618 602 665 aperimus,
627 618 665 653 in
690 628 803 654 sensu
1021 620 1041 652 6
1065 618 1150 654 Plus
1189 617 1373 663 quaeritur
1425 619 1472 654 ab
1517 629 1560 654 eo
1598 618 1663 664 qui

191 665 349 702 morali?
858 667 924 712 295
1046 665 1128 711 plus
1150 665 1308 711 accepit.

540 768 689 804 CAPUT
710 768 866 803 XLVlll.
890 787 932 793 -
946 769 996 802 De
1017 767 1137 802 decem
1158 767 1383 811 viminibus.

1724 191 1781 224 :581

1741 442 1783 475 ²9

1716 575 1781 617 294

1716 670 1781 712 295

1716 918 1782 951 297

1717 1013 1782 1047 297

1720 1145 1786 1189 298

172 872 181 892 1
212 855 444 893 Universitas
454 857 747 903 judicandorum
766 856 804 892 111
1047 855 1191 902 ginnm,
1205 860 1242 892 et
1253 856 1398 893 clamor
1414 868 1477 894 eas
1491 868 1513 893 a
1527 868 1662 894 somno

192 907 266 940 tres
287 907 406 941 status
427 904 688 952 distinguitur.
857 908 922 949 295
1049 902 1229 939 excitans.

168 965 184 986 2
206 952 392 988 Parabola
417 952 464 988 de
495 954 625 989 decem
648 951 804 998 virgini·
1025 955 1046 986 o·
1066 952 1170 987 Vana
1191 951 1321 996 petitio
1337 951 1524 999 virginum
1539 950 1664 987 oleum

193 1000 261 1036 bus
276 999 492 1045 specialiter
506 1001 554 1037 ad
572 999 804 1046 contempla-
1050 998 1086 1033 in
1108 998 1208 1034 vasis
1228 998 1306 1035 suis
1328 1010 1405 1035 non
1422 997 1658 1037 habentium.

191 1047 288 1083 tivos
309 1050 499 1093 spectans.
859 1049 927 1093 296
1027 1062 1045 1091 7
1069 1045 1286 1092 Virginibus
1361 1047 1585 1084 rudentibus
1627 1046 1665 1081 in
1720 1091 1725 1093 α

168 1097 188 1129 5
206 1094 271 1130 Η15
289 1095 419 1130 decem
440 1094 650 1141 virginibus
673 1093 808 1131 similis
1050 1093 1187 1129 coelum
1217 1093 1316 1129 intro
1347 1094 1457 1141 uctis,
1482 1092 1669 1131 clauditur

193 1141 375 1178 Ecclesia.
861 1144 928 1188 295
1048 1141 1169 1187 janua
1189 1141 1302 1177 fatuis
1321 1152 1399 1178 non
1421 1141 1640 1189 aperienda.

168 1193 189 1233 4
210 1189 342 1226 01011111
363 1189 596 1236 lampadum.
861 1191 928 1236 296
1027 1190 1047 1223 8
1069 1188 1270 1225 Conclusio
1312 1192 1349 1225 et
1388 1200 1523 1237 scopus
1556 1189 1668 1236 hujus

168 1240 187 1273 5
207 1238 313 1274 Mora
349 1237 498 1283 Sponsi,
530 1237 707 1274 dormitio
734 1237 808 1272 vir·
1052 1236 1259 1282 parabolae.

311 1340 462 1376 CAPUT
482 1338 601 1374 XLIX.
623 1358 667 1364 —-
688 1340 738 1373 De
756 1339 905 1374 talentis
922 1341 955 1373 01
975 1337 1078 1372 bonis
1104 1348 1126 1373 ιι
1146 1340 1298 1374 Domino
1315 1341 1431 1374 servis
1451 1340 1618 1376 traditis.

169 1443 180 1464 1
206 1428 394 1464 Parabola
410 1428 457 1464 de
479 1427 635 1463 talentis
656 1426 773 1462 servis
793 1438 815 1462 a
1030 1441 1049 1472 7
1072 1425 1169 1469 Quid
1186 1425 1341 1472 signant
1361 1427 1528 1474 quinque
1547 1429 1669 1465 talen-

197 1475 355 1512 Domino
388 1474 538 1511 traditis
556 1503 565 1519 ,
598 1473 813 1520 specialiter
1054 1476 1092 1509 ta
1116 1473 1235 1510 servis
1253 1475 1394 1511 tradita
1407 1475 1425 1510 ἰ)

197 1523 244 1559 ad
265 1523 444 1569 praelatos
463 1525 653 1568 spectans.
864 1525 933 1556 500
1029 1524 1048 1556 8
1069 1521 1199 1557 Altera
1222 1523 1405 1567 parabola
1437 1523 1483 1560 de
1512 1525 1668 1562 homine

171 1584 188 1606 2
210 1571 370 1614 Quinam
397 1574 483 1605 sunt
515 1568 752 1615 duplicantes
774 1573 811 1604 et
1054 1568 1173 1604 nobili
1194 1569 1325 1605 decem
1337 1570 1457 1606 servis
1478 1582 1586 1609 mnas
1605 1574 1668 1609 de-

193 1617 473 1654 abscondentes
493 1616 638 1652 talenta
652 1616 670 1652 ἱ)
862 1618 933 1652 500
1055 1626 1136 1651 cem
1159 1617 1350 1654 tradente.

170 1668 190 1700 5
210 1664 414 1701 Praemium
431 1675 642 1708 servorum,
661 1663 724 1709 qui
740 1665 813 1700 t'ru-
1032 1679 1052 1709 9
1074 1662 1201 1699 Servis
1220 1665 1420 1702 retributio
1448 1667 1550 1704 data.

194 1712 363 1749 ctificare
382 1712 528 1748 talenta
547 1711 732 1747 fecerunt.
863 1713 929 1746 501
1013 1725 1052 1745 10
1080 1711 1345 1758 Unusquisque
1368 1713 1553 1751 talentum
1569 1726 1673 1752 accc-

167 1764 188 1800 4
208 1758 469 1806 Reprehensio
492 1758 591 1795 servi
611 1757 725 1804 pigri.
863 1761 927 1793 501
1054 1756 1123 1803 pit.
1152 1759 1257 1804 cujus
1290 1759 1402 1796 debet
1426 1762 1586 1799 reddere
1611 1774 1672 1800 ra-

170 1812 189 1843 5
212 1808 409 1844 Talentum
431 1808 478 1843 ab
497 1817 541 1842 eo
559 1806 742 1842 aufertur.
863 1808 931 1840 502
1056 1804 1213 1841 tionem.

168 1858 188 1890 6
210 1854 373 1891 Mittitur
399 1858 435 1890 01
462 1853 542 1900 ipse
567 1853 605 1888 in
632 1854 811 1889 tenebras
1014 1867 1048 1887 11
1075 1852 1235 1895 Quinam
1281 1855 1395 1891 vitam
1453 1855 1673 1904 religiosam

192 1902 413 1939 exteriores.
865 1903 933 1937 505
1055 1900 1231 1946 amplecti
1257 1902 1425 1939 debent?

399 2004 550 2041 CAPUT
571 2004 612 2038 L.
636 2023 676 2029 —
699 2004 749 2038 De
769 2002 1008 2038 ventilatione
1027 2012 1122 2038 areat>
1135 2004 1176 2038 in
1196 2005 1358 2040 emti-emo
1370 2004 1531 2050 judicio.

174 2112 183 2133 i
208 2096 447 2134 Adveniente
461 2094 625 2131 Domino
641 2105 726 2131 cum
737 2096 812 2131 An·
1014 2109 1054 2131 10
1077 2094 1179 2131 Sicut
1214 2096 1416 2135 retributio
1449 2098 1502 2135 ita
1530 2099 1675 2145 punitio

192 2144 288 2190 gelis
308 2143 640 2190 adjudicandum,
655 2153 810 2189 congre·
1059 2143 1134 2178 erit
1155 2146 1313 2180 aetema.

191 2192 383 2238 gabuntur
403 2201 538 2227 omnes
566 2192 711 2236 gentes.
860 2193 926 2237 507
1015 2205 1027 2226 1
1040 2206 1051 2226 1
1077 2191 1150 2227 Cur
1170 2190 1209 2226 in
1228 2191 1362 2227 ultimo
1377 2192 1520 2238 judicio
1537 2195 1585 2231 de
1605 2196 1678 2232 mi-

171 2253 188 2275 2
210 2238 406 2286 Separatio
428 2239 619 2275 bonorum
639 2240 678 2273 et
694 2237 808 2274 malo·
1054 2237 1261 2275 sericordia
1276 2239 1402 2285 potius
1418 2251 1531 2286 quam
1552 2243 1599 2279 de
1612 2244 1673 2290 ju-

193 2297 290 2323 rum.
859 2288 926 2332 507
1053 2284 1157 2321 stitia
1175 2284 1435 2332 disquiretur?

167 2337 188 2370 5
211 2334 306 2378 Quid
321 2333 421 2370 dicet
439 2334 515 2369 Rex
539 2333 649 2369 bonis
663 2334 680 2369 ‘3
858 2336 928 2369 508
1008 2346 1046 2368 12
1062 2333 1254 2369 Sententia
1265 2334 1410 2370 Judicis
1423 2336 1547 2373 eritne
1559 2349 1666 2375 men-

168 2385 189 2425 4
210 2382 334 2428 Opera
358 2380 631 2417 misericordiae
651 2382 698 2417 ad
723 2392 808 2417 cor·
1052 2380 1138 2415 talis
1159 2391 1208 2417 an
1224 2382 1364 2418 vocalis
1379 2382 1397 2418 ⁶?

191 2440 262 2476 pus
281 2428 526 2475 pertinentia.
860 2431 930 2475 509
1009 2431 1047 2463 15
1072 2428 1345 2465 Retributionis
1359 2434 1395 2466 et
1414 2431 1672 2471 damnationis

169 2480 188 2511 5
209 2477 332 2523 Opera
352 2475 625 2512 misericordiae
644 2477 691 2512 ad
725 2476 807 2512 ani-
1053 2485 1192 2512 causae.

194 2535 294 2560 mam
320 2522 565 2571 pertinentia.
859 2527 930 2570 509
1010 2526 1049 2566 14
1076 2523 1425 2562 Praedestinationis
1495 2532 1533 2563 et
1575 2539 1672 2574 prae-

169 2576 189 2608 6
211 2571 307 2615 Quid
328 2570 427 2607 dicet
454 2573 530 2607 Rex
553 2569 686 2606 malis?
862 2574 930 2606 510
1053 2570 1220 2607 scientiae
1235 2572 1457 2610 discrimen.

167 2635 186 2666 7
208 2618 404 2663 Quomodo
451 2618 622 2655 Christus
675 2622 733 2653 051
772 2617 809 2653 111
1012 2620 1050 2653 15
1075 2617 1322 2655 Providentia
1354 2620 1419 2657 Dei
1442 2632 1519 2658 non
1556 2622 1673 2669 cogit,

193 2665 374 2703 membris
392 2665 601 2702 Ecclesiae?
862 2669 931 2701 510
1053 2676 1121 2701 nec
1150 2666 1249 2702 tollit
1274 2667 1490 2705 libertatem
1525 2671 1673 2707 arbitrii

166 2718 187 2751 8
207 2713 387 2750 Avaritiae
406 2712 639 2760 redargutio.
861 2716 902 2749 51
915 2728 926 2749 1
1054 2713 1354 2760 praedestinatio.

170 2778 190 2810 9
210 2761 406 2805 Quomodo
428 2760 620 2797 audienda
651 2771 808 2806 operum
1010 2764 1050 2796 16
1074 2762 1295 2808 Exemplum
1315 2763 1484 2810 religiosi
1507 2766 1674 2811 praesciti

194 2807 465 2845 misericordiae
500 2807 730 2845 sufficientia
744 2808 762 2845 ἱ)
862 2811 925 2844 511
1055 2811 1092 2844 01
1113 2809 1263 2845 salvati.

1728 2154 1796 2188 512
