1907 3139
451 159 500 191 DE
540 156 763 191 DUODECIM
802 157 1022 192 CONSILIIS
1063 157 1380 192 EVANGELICIS.
1691 162 1727 194 81

100 228 187 274 quia
210 226 457 270 scandalizat;
486 225 646 261 existens
679 228 803 262 autem
839 225 877 261 in

100 278 251 321 peccato
285 274 443 317 occulto,
464 272 493 308 si
528 272 708 317 praedicat
740 276 776 309 et
803 284 877 308 non

101 323 225 358 studet
268 332 309 356 ex
354 332 420 356 suo
466 320 601 356 delicto
647 320 877 367 compungi,

101 371 222 406 adhuc
248 368 396 404 videtur
422 379 593 414 peccare,
618 368 705 413 quia
731 368 879 403 videtur

102 419 353 452 contemnere.
383 437 428 441 ——
458 415 706 452 Undecimum
744 419 802 451 est
832 416 878 451 de

101 463 252 499 vitanda
272 463 536 499 sollicitudine.
554 462 660 500 Unde
681 466 737 498 cst
756 463 850 498 illud
868 474 875 498 :

99 512 220 549 Nolite
251 512 403 546 solliciti
428 522 515 546 csse.
540 512 583 546 Et
610 510 700 546 illud
725 522 733 546 ε
758 512 880 548 Nolite

100 560 259 602 coqitare
297 559 340 593 de
376 561 551 594 crastino.
578 557 646 594 Ubi
683 557 878 593 sciendum

101 605 203 651 quod
242 606 476 652 quadruplex
516 611 571 642 est
613 605 826 641 sollicitudo
869 617 877 641 :

101 652 223 699 prima
243 656 300 689 est
322 653 532 693 laudabilis,
551 656 588 689 et
608 657 665 689 est
686 654 881 698 providen-

100 699 162 736 tiae
185 700 390 747 spiritualis
418 702 543 747 quoad
575 700 756 745 animam,
780 711 880 747 quo-

103 749 214 784 modo
234 749 318 794 quis
339 750 413 784 Deo
432 749 592 795 placeat,
609 759 758 784 omnem
778 749 880 784 solli-

103 795 311 831 citudinem
338 806 444 832 suam
466 795 671 842 projiciens
700 795 739 831 in
767 806 878 839 eum;

104 844 268 879 secunda
304 848 360 879 θεῖ
383 844 495 880 etiam
527 842 739 881 laudabilis.
762 846 799 878 et
826 847 881 878 est

103 888 350 937 providentia}
386 891 604 937 temporalis
642 902 684 926 ex
716 890 883 926 fraterna

105 937 275 982 caritate,
300 939 421 985 qualis
446 938 626 984 competit
651 937 819 984 praelatis
846 940 882 972 et

104 984 291 1028 religiosis
327 985 516 1030 officiatis,
553 985 617 1031 qui
653 988 819 1031 praesunt
844 984 883 1020 in

105 1033 377 1079 sollicitudine;
400 1033 512 1069 tertia
533 1036 589 1069 est
608 1032 831 1076 tolerabilis,
848 1035 885 1068 et

105 1084 162 1117 cst
197 1092 295 1117 curae
324 1081 558 1128 temporalis,
579 1081 703 1126 quoad
727 1091 880 1126 corpus;

105 1134 243 1175 quarta
262 1134 318 1165 est
337 1128 610 1175 vituperabilis,
627 1131 664 1164 et
677 1133 733 1164 θεῖ
753 1138 883 1174 super-

106 1178 191 1212 ssuae
228 1176 567 1220 thesaurizationis,
605 1177 727 1221 quoad
767 1172 886 1211 avari-

106 1225 211 1259 tiam.
237 1223 361 1260 Prima
387 1223 594 1259 consulitur
614 1222 770 1258 consilio
799 1223 884 1265 isto,

108 1272 271 1307 secunda
279 1271 510 1317 praecipitur,
520 1269 628 1306 tertia
642 1269 885 1316 permittitur,

72 1329 75 1333 ·
107 1322 241 1364 quarta
271 1319 505 1364 prohibetur.
543 1337 584 1342 -
612 1318 885 1352 Duodecimum

109 1364 307 1400 consilium
320 1368 375 1400 est
390 1365 436 1400 de
450 1365 618 1400 fraterna
633 1363 884 1409 correptione.

110 1412 213 1448 Unde
243 1417 300 1448 est
330 1412 423 1448 illud
446 1423 454 1446 :
477 1413 519 1448 Si
544 1411 749 1457 peccaverit
783 1412 822 1445 in
855 1413 888 1445 te

109 1461 228 1503 frater
256 1463 353 1501 ΐῑιαε,
379 1461 520 1504 corripe
548 1469 640 1503 eum,
672 1461 742 1493 etc.
766 1456 886 1493 Corri-

109 1517 199 1554 pere
222 1507 376 1542 fratrem
411 1505 640 1552 quandoque
673 1508 730 1540 est
764 1503 888 1539 consi-

110 1554 215 1598 lium,
235 1558 277 1589 ut
303 1554 454 1599 quando
476 1552 613 1598 aliquis
640 1552 796 1598 corripit
818 1551 890 1586 sra-

110 1605 207 1637 trem
228 1601 273 1637 de
291 1602 518 1644 venialibus,
537 1602 573 1634 et
588 1600 693 1635 illum
711 1609 794 1635 cum
814 1609 889 1644 quo

110 1648 203 1684 nihil
233 1649 356 1685 tacere
386 1649 514 1691 habet,
542 1646 615 1683 nisi
649 1656 889 1683 communem

111 1697 335 1741 caritatem3
380 1695 605 1741 quandoque
651 1698 708 1730 est
747 1704 889 1740 praece-

111 1746 230 1789 ptum,
256 1746 296 1778 ut
317 1744 467 1789 quando
492 1742 694 1787 corripitur
718 1741 765 1777 de
792 1751 890 1775 mor-

112 1790 192 1834 tali,
207 1793 243 1826 et
258 1791 329 1826 isto
351 1789 516 1826 secundo
535 1790 646 1825 modo
667 1787 831 1835 pertinet
845 1787 891 1822 ad

114 1848 261 1882 omnes,
278 1840 314 1873 et
331 1837 474 1883 obligat
488 1846 650 1883 semper,
664 1836 728 1871 sed
749 1845 824 1870 non
845 1833 893 1870 ad

115 1896 276 1930 semper,
298 1884 386 1930 quia
419 1895 486 1930 pro
520 1885 601 1919 loco
636 1887 672 1919 et
706 1885 891 1927 tempore,

115 1931 256 1967 scilicet
277 1931 427 1977 quando
448 1933 557 1965 vacat
575 1932 611 1965 et
636 1929 736 1975 licet,
756 1932 790 1965 et
813 1938 892 1964 cre-

115 1979 216 2014 ditur
236 1979 336 2025 quod
357 1978 459 2014 utilis
487 1977 533 2012 sit
559 1976 760 2023 correptio.
784 1977 828 2011 Et
847 1975 895 2010 ad

115 2027 186 2062 hoc
213 2031 441 2072 praeceptum
458 2024 618 2061 maxime
639 2028 815 2060 tenentur
833 2034 894 2058 su-

115 2075 297 2120 periores,
322 2076 360 2109 et
388 2072 548 2119 praelati,
572 2072 695 2118 quoad
724 2081 789 2107 eos
822 2080 894 2117 quo

116 2131 200 2156 rum
215 2132 344 2157 curam
357 2124 507 2166 gerunt.

165 2171 187 2211 4
225 2170 308 2204 HAEC
350 2179 513 2203 consumi
550 2178 688 2204 mcum
731 2176 896 2201 REDDUNT

118 2227 225 2251 Tmou
261 2218 327 2252 Dm
367 2227 534 2255 BONAQUE
577 2225 822 2250 consuETuno.
852 2232 897 2238 —-

119 2262 251 2299 Omnia
269 2263 465 2310 praemissa
485 2262 634 2299 Domini
652 2264 842 2309 praecepta
861 2261 898 2294 et

119 2311 274 2347 consilia
307 2310 431 2347 facilia
463 2314 551 2346 sunt
577 2309 732 2353 volenti,
763 2312 799 2344 et
832 2307 898 2342 Dei

123 2358 296 2395 timorem
331 2370 408 2404 prae
440 2358 560 2394 oculis
591 2355 762 2393 habenti.
794 2356 899 2392 Unde

121 2407 396 2452 chrysostomus
423 2419 433 2441 :
457 2418 475 2439 «
504 2407 559 2441 Sit
590 2404 659 2440 tibi
685 2406 799 2439 timor
832 2402 898 2438 Dei

122 2454 225 2491 omni
250 2453 475 2490 necessitate
502 2451 716 2488 violentior.
740 2450 776 2487 Si
798 2449 900 2501 enim

123 2501 212 2537 velis
224 2500 442 2537 occasiones
456 2510 602 2546 semper
614 2498 794 2545 objicere,
805 2496 899 2532 nihil

124 2549 170 2584 de
197 2548 250 2584 eis
270 2559 353 2594 quae
375 2551 462 2584 sunt
488 2546 673 2591 imperata
699 2544 899 2587 custodies,

125 2598 163 2632 et
188 2594 238 2630 ita
259 2606 412 2641 prorsus
442 2593 568 2630 omnia
594 2604 676 2639 quae
698 2596 782 2628 sunt
803 2602 898 2638 prae-

125 2647 233 2688 cepta
242 2641 530 2686 calcabis.Quia,
547 2640 578 2676 si
591 2642 726 2687 Legem
738 2639 901 2674 volneris

126 2689 314 2725 custodire
344 2689 493 2730 Christi,
521 2688 785 2724 necessitatem
818 2685 901 2730 qui-

126 2738 212 2773 dem
231 2737 388 2780 nullam,
411 2747 496 2782 quae
516 2741 553 2771 te
572 2736 618 2771 ab
640 2734 902 2771 observatione

126 2785 207 2832 ers
244 2783 450 2831 impediat,
490 2783 692 2829 aliquando
731 2779 900 2827 patieris.

231 2849 322 2883 Vim
343 2849 429 2882 JEsu
452 2848 608 2888 Cnmsn,
632 2856 744 2880 Tomos
768 2846 832 2878 III.

953 225 1034 263 Noli
1056 225 1184 272 igitur,
1208 237 1228 261 o
1258 226 1386 269 homo,
1408 227 1446 263 in
1475 229 1591 264 otium
1621 229 1729 264 recli-

954 285 1059 319 nare,
1078 285 1145 309 nec
1166 273 1351 309 dissolvas
1372 274 1508 310 bonam
1529 276 1642 311 animi
1664 287 1728 311 vo-

952 323 1157 365 luntatem3
1179 331 1302 366 neque
1321 319 1421 355 enim
1444 332 1525 366 qum
1546 322 1732 368 imperan-

952 373 1013 405 tur
1040 379 1202 408 onerosa
1231 370 1332 412 sunt,
1355 370 1615 404 tantummodo
1640 371 1734 406 velle

953 418 1105 461 sufficit,
1120 418 1156 452 ct
1172 418 1294 451 totum
1312 415 1413 460 quod
1430 415 1586 461 jubetur
1608 415 1736 461 imple-

954 468 1032 500 tum
1051 468 1120 503 est.
1141 463 1248 507 Quod
1269 461 1298 498 si
1318 461 1410 497 mihi
1427 463 1736 498 consuetudinem

952 515 1057 550 tuam
1097 509 1257 558 opponis
1293 512 1334 545 ut
1368 509 1507 555 Iegem,
1536 520 1604 555 per
1641 511 1738 546 hanc

954 559 1074 605 ipsam
1086 564 1124 596 te
1138 559 1324 594 admoneo
1341 567 1455 602 quam
1470 557 1518 593 sit
1534 556 1652 593 t'acilis
1668 556 1738 593 ista

955 607 1154 645 correctio.
1172 605 1209 641 si
1231 603 1330 640 enim
1350 604 1388 639 in
1405 604 1520 640 aliam
1540 608 1739 640 consuetu-

955 655 1082 693 dinem
1100 665 1141 689 ex
1154 652 1276 689 aliate
1292 651 1539 696 converteris,
1552 652 1622 687 hoc
1638 651 1737 697 quod

954 703 1021 739 tibi
1054 700 1205 738 difficile
1227 699 1395 743 videtur,
1421 698 1610 735 efficieris.
1630 698 1737 743 Quia,

956 750 1051 787 sicut
1068 750 1115 786 ad
1133 747 1344 784 vitiandum
1366 746 1598 782 consuetudo
1613 749 1668 782 est
1688 745 1738 781 vi-

955 798 1101 841 olenta;
1129 797 1180 831 ita
1212 795 1255 830 fit
1292 796 1425 840 potens
1459 794 1506 830 ad
1543 793 1736 839 corrigen-

957 847 1059 881 dum.
1075 859 1093 877 »
1112 845 1156 879 Et
1175 842 1332 878 iterum:
1353 840 1419 878 «Si
1440 841 1479 876 in
1495 851 1601 877 usum
1620 841 1737 877 semel

956 893 1065 929 honre
1087 888 1342 935 Philosophiae
1380 892 1563 933 transeas,
1590 888 1739 925 etiamsi

956 944 1101 987 postea,
1113 937 1250 983 aliquis
1260 935 1325 972 tibi
1338 939 1466 982 torpor
1481 937 1651 982 obrepat,
1663 947 1740 971 cer-

958 995 1038 1024 tum
1053 992 1109 1023 est
1118 990 1258 1027 tamen,
1270 984 1369 1030 quod
1387 995 1464 1019 non
1481 984 1588 1019 facile
1600 984 1739 1028 poteris

959 1039 1095 1071 horum
1118 1032 1313 1080 quippiam
1335 1042 1419 1077 quae
1443 1035 1631 1077 praecepta
1655 1035 1743 1067 sunt

959 1081 1188 1127 transgredi,
1202 1080 1304 1116 bona
1316 1079 1459 1114 scilicet
1472 1078 1744 1114 consuetudine

960 1130 1179 1165 firmitatem
1203 1128 1280 1172 jam
1303 1125 1473 1162 imitante
1493 1125 1609 1171 ipsius
1627 1129 1744 1162 natu-

960 1189 1024 1213 rae.
1042 1178 1159 1220 Quam
1171 1176 1271 1211 enim
1286 1173 1396 1209 facile
1415 1178 1471 1209 est
1490 1173 1668 1217 dormire,
1685 1184 1744 1209 co-

961 1225 1126 1268 medere,
1144 1222 1288 1265 hibere,
1310 1220 1518 1267 respirare3
1541 1224 1618 1256 tam
1634 1220 1743 1256 nobis

961 1272 1087 1307 facilia
1099 1273 1212 1306 erunt
1223 1270 1321 1304 hona
1334 1268 1619 1312 consuetudine,
1630 1267 1743 1303 etiam

962 1329 1078 1364 opera
1098 1317 1246 1351 virtutis
1268 1330 1276 1350 :
1306 1328 1322 1347 i)
1351 1316 1431 1350 haec
1454 1316 1741 1359 Chrysostomus.

962 1365 1067 1401 Unde
1099 1367 1136 1400 et
1169 1363 1312 1398 Tullius
1346 1375 1356 1397 :
1393 1376 1411 1395 «
1443 1362 1592 1407 Optima
1622 1362 1744 1397 forma

961 1412 1113 1448 vivendi
1132 1409 1307 1455 eligenda
1323 1411 1392 1454 est,
1409 1419 1521 1455 quam
1535 1409 1742 1455 jucundam

962 1459 1087 1495 reddit
1116 1456 1365 1493 consuetudo.
1391 1469 1408 1491 »
1440 1458 1599 1492 Tantum
1630 1457 1743 1492 etiam

963 1504 1162 1542 delecteris
1183 1509 1220 1540 et
1241 1503 1474 1549 complaceat
1494 1503 1562 1538 tibi
1586 1502 1625 1538 in
1646 1514 1744 1548 prae-

964 1552 1081 1599 ceptis
1110 1556 1147 1588 et
1173 1549 1341 1586 consiliis
1363 1549 1526 1591 Domini,
1552 1553 1590 1585 ut
1616 1550 1645 1585 si
1670 1561 1746 1586 non

965 1601 1045 1637 sine
1065 1597 1283 1645 gravamine
1312 1597 1371 1633 vel
1392 1596 1612 1633 difficultate
1633 1596 1745 1634 vide—

965 1651 1077 1684 antur
1089 1645 1187 1689 fieri,
1200 1644 1348 1681 coneris
1362 1648 1489 1680 tamen
1502 1645 1548 1680 ob
1561 1645 1747 1680 honorem

964 1695 1081 1742 ipsius
1115 1691 1341 1739 legislatoris
1375 1702 1541 1733 servare,
1565 1695 1748 1738 quantum

966 1743 1046 1789 ipse
1083 1742 1184 1777 vires
1221 1739 1339 1784 dabit,
1365 1740 1453 1785 quia
1487 1739 1557 1775 etsi
1593 1742 1748 1785 propter

967 1789 1086 1836 ipsum
1108 1789 1185 1835 pati
1207 1798 1283 1823 non
1304 1786 1478 1832 elegeris,
1500 1786 1748 1823 nihilominus

967 1837 1077 1873 aliter
1104 1834 1273 1882 patieris.
1299 1836 1344 1870 Ut
1365 1833 1465 1870 enim
1498 1834 1591 1869 dicit
1618 1835 1748 1879 Λαρα-

967 1887 1115 1920 stinus:
1141 1896 1158 1916 «
1181 1884 1221 1917 ln
1246 1882 1317 1917 hoc
1338 1881 1478 1916 mundo
1500 1892 1574 1916 non
1596 1881 1743 1924 timere,

970 1942 1046 1967 non
1059 1931 1202 1974 dolere,
1212 1940 1289 1964 non
1302 1927 1504 1974 periclitari
1515 1927 1751 1974 impossibile

969 1981 1026 2014 est
1042 1978 1128 2021 ;sed
1144 1977 1345 2022 plurimum
1362 1975 1520 2011 interest
1535 1986 1609 2021 qua
1623 1986 1748 2022 causa,

970 2036 1044 2071 qua
1061 2023 1355 2070 exspectatione,
1372 2034 1446 2069 quo
1464 2023 1628 2058 termino
1645 2022 1749 2068 quis-

971 2083 1042 2119 que
1068 2072 1246 2118 patiatur.
1276 2084 1293 2104 ›)
1331 2070 1437 2106 Unde
1474 2074 1510 2106 et
1543 2072 1750 2115 Chrysosto-

970 2130 1074 2156 mus:
1095 2132 1112 2153 «
1135 2118 1172 2155 Si
1192 2129 1267 2154 non
1288 2122 1442 2163 propter
1463 2117 1655 2153 Christum
1673 2118 1748 2153 ele-

971 2166 1136 2214 gerimus
1154 2165 1297 2211 aliquid
1311 2165 1388 2211 pati
1401 2164 1587 2209 dolorum,
1598 2175 1751 2201 necesse

971 2218 1028 2250 est
1058 2224 1123 2249 eos
1149 2213 1303 2249 omnino
1338 2212 1375 2248 et
1409 2211 1520 2248 aliter
1552 2212 1750 2248 sustinere.

972 2264 1100 2307 Neque
1121 2260 1221 2296 enim
1243 2261 1270 2295 si
1290 2262 1445 2306 propter
1464 2260 1655 2296 Christum
1676 2270 1753 2295 non

972 2311 1143 2344 mortuus
1167 2307 1296 2350 fueris,
1320 2306 1543 2342 immortalis
1567 2307 1661 2350 eris3
1686 2317 1753 2342 ne-

973 2366 1045 2402 que
1063 2355 1093 2391 si
1109 2357 1263 2401 propter
1284 2354 1474 2390 Christum
1493 2364 1569 2389 non
1591 2354 1759 2400 proJ'ece-

974 2403 1026 2439 ris
1045 2402 1240 2449 pecunias,
1264 2401 1390 2437 ferens
1417 2412 1481 2437 eas
1513 2400 1646 2437 abibis.
1670 2402 1759 2436 Haec

975 2449 1115 2496 expetit
1135 2460 1157 2485 a
1180 2452 1231 2494 te,
1254 2459 1336 2495 quae
1364 2459 1442 2483 non
1476 2450 1674 2494 expetente
1695 2458 1757 2492 eo,

975 2496 1092 2533 dabis.
1116 2498 1201 2532 Haec
1228 2499 1265 2532 te
1286 2495 1363 2531 vult
1392 2495 1517 2531 facere
1536 2498 1603 2531 tua
1623 2496 1757 2530 volun-

974 2547 1066 2588 tate,
1082 2554 1165 2590 quae
1186 2546 1222 2579 et
1242 2554 1286 2579 ex
1306 2542 1534 2578 necessitate
1552 2545 1589 2578 te
1608 2546 1759 2588 oportet

975 2592 1112 2627 facere.
1135 2591 1281 2636 Expetit
1304 2592 1429 2625 autem
1459 2589 1579 2625 solum
1602 2592 1756 2635 propter

977 2649 1061 2674 cum
1077 2637 1181 2683 sseri3
1196 2638 1284 2683 quia
1294 2637 1487 2681 continget
1498 2640 1535 2673 et
1546 2637 1626 2672 haec
1638 2640 1756 2671 trans-

976 2685 1032 2721 ire
1047 2696 1069 2721 a
1084 2685 1322 2729 necessitate,
1333 2695 1415 2729 quae
1428 2684 1631 2719 secundum
1643 2686 1753 2718 natu-

977 2743 1058 2768 ram
1096 2732 1150 2768 fit.
1191 2734 1289 2777 Ergo
1328 2742 1404 2767 non
1442 2731 1578 2777 injuste
1619 2728 1755 2765 avertit

978 2783 1015 2816 et
1058 2779 1165 2826 punit
1209 2780 1307 2815 Deus
1321 2805 1330 2821 ,
1372 2788 1457 2814 cum
1498 2777 1536 2813 in
1579 2775 1754 2812 omnibus

1631 2841 1650 2873 6
