1907 3139
253 210 302 244 DE
340 208 552 243 TALENTIS
591 209 641 241 ET
678 209 805 245 BONIS
844 212 866 244 A
908 207 1077 244 DOMINO
1114 207 1275 242 SEvas
1312 206 1540 242 TRADlTlS.
1657 209 1718 242 305

84 294 155 335 sat,
189 289 337 336 quando
365 288 411 324 ad
452 288 594 323 bonum
616 288 762 325 invitat.
795 292 862 327 Ne-

83 337 270 384 gotiemur
291 347 378 382 ergo
401 335 564 371 fideliter
585 336 631 372 de
665 337 776 373 bonis
799 349 863 374 na-

84 388 192 430 turae,
211 383 355 430 gratiae,
377 386 414 418 et
435 382 595 419 fortunae
615 384 723 420 nobis
746 385 862 430 datis,

82 432 170 478 quia
205 432 250 467 de
281 430 458 466 omnibus
491 430 680 466 rationem
717 433 862 468 redde—

36 514 39 517 ,
80 490 173 515 mus.
197 479 398 523 Fugiamus
418 477 623 523 pigritiam,
651 479 738 524 quia
754 480 863 525 piger

82 525 205 562 locum
242 525 392 562 diabolo
414 528 616 571 praeparat,
646 530 682 561 et
718 527 864 563 otiosus

80 573 186 619 quasi
226 572 401 619 pulvinar
432 575 489 608 est
519 573 675 618 diaboli,
714 573 754 610 in
789 586 862 620 quo

79 620 304 665 requiescat.
332 619 515 657 Omnibus
548 631 697 666 quoque
742 623 863 658 modis

79 668 217 714 quibus
236 678 449 714 possumus,
470 669 722 715 nosmetipsos
734 680 862 705 emen-

81 716 220 759 dando,
238 717 296 751 vel
316 714 411 751 alios
429 715 657 761 adjuvando,
676 717 862 753 talentum

82 762 321 799 Dominicum
367 773 541 807 erogare,
583 768 619 799 et
665 765 860 806 erogando

81 810 332 856 multiplicare
380 810 612 853 studeamus,
650 814 780 857 utpote
816 812 862 847 de

83 868 156 904 quo
206 859 243 893 in
284 856 453 892 districto
491 857 633 903 judicio
674 858 861 894 rationem

82 905 268 941 reddituri
306 915 434 940 sumus
455 916 463 948 ;
488 916 556 941 nec
593 916 632 941 se
654 905 790 950 aliquis
814 906 861 941 ab

83 953 152 988 hac
194 951 450 997 negotiatione
487 963 664 987 excusare
704 952 860 998 poterit,

82 999 171 1046 qnia
192 1000 315 1035 nullus
334 1002 389 1034 est
410 998 474 1044 qui
496 1000 679 1036 talentum
697 1011 771 1035 non
799 1011 860 1035 ac-

81 1047 235 1093 ceperit.
257 1047 363 1082 Unde
380 1047 575 1088 Greqorius
595 1059 602 1082 :
626 1063 638 1079 «
662 1047 862 1083 Sciendum

82 1105 170 1130 vero
193 1096 263 1140 est,
282 1094 381 1140 quod
400 1094 526 1130 nullus
553 1096 661 1140 piger
680 1096 726 1131 ab
747 1105 789 1130 ac
810 1098 862 1130 ta-

81 1141 171 1178 lenti
193 1141 413 1188 acceptione
440 1152 593 1177 securus
627 1145 696 1186 est,
738 1142 863 1178 nullus

82 1200 246 1236 namque
265 1193 322 1225 est
355 1189 417 1235 qui
438 1189 622 1225 veraciter
644 1190 744 1225 dicat
764 1201 771 1225 :
795 1192 863 1225 Ta-

81 1237 223 1272 lentum
245 1237 398 1272 minime
419 1236 559 1282 accepi,
582 1248 658 1272 non
679 1240 736 1272 est
765 1237 863 1272 unde

83 1284 267 1320 rationem
285 1295 425 1330 ponere
445 1294 570 1330 cogar.
594 1283 738 1320 Talenti
763 1283 863 1320 enim

83 1331 249 1384 1101111116,
277 1331 429 1368 cuilibet
455 1331 624 1377 pauperi,
652 1331 764 1367 etiam
793 1332 864 1367 hoc

84 1390 206 1426 ipsum
219 1379 470 1425 reputabitur,
481 1379 581 1423 quod
596 1379 653 1415 vel
667 1378 864 1414 minimum

84 1427 261 1473 accepit3
296 1426 391 1463 alius
430 1437 589 1471 namque
618 1426 760 1471 accepit
801 1426 866 1461 do-

86 1485 174 1510 num
196 1473 469 1519 intelligentiae,
492 1472 773 1519 praedicationis
794 1472 864 1508 mi-

84 1521 280 1558 nisterium
301 1522 413 1557 debet
433 1532 475 1556 ex
490 1521 632 1556 talento
650 1532 658 1562 ς
676 1521 771 1556 alius
787 1519 865 1565 qui-

86 1570 171 1605 dem
202 1572 393 1604 terrenam
421 1567 672 1603 substantiam
705 1566 863 1613 accepit,

85 1616 343 1662 erogationem
372 1614 503 1651 talenti
525 1615 636 1651 debet
660 1626 702 1650 ex
724 1615 865 1656 rebus3

85 1663 180 1700 alius
202 1674 289 1699 vero
310 1662 439 1699 didicit
457 1666 577 1698 artem
596 1673 669 1708 qua
686 1661 864 1708 pascitur,

85 1711 165 1757 ipsa
195 1722 256 1747 ars
272 1711 305 1746 ei
326 1709 457 1746 talenti
478 1712 695 1755 acceptione
716 1712 864 1755 reputa-

88 1761 173 1802 tur;
194 1759 289 1794 alius
308 1763 434 1793 autem
456 1756 724 1792 familiaritatis
744 1757 868 1792 locum

91 1806 189 1852 apud
214 1805 370 1841 divitem
392 1804 542 1847 meruit,
562 1804 749 1839 talentum
778 1813 865 1849 pro-

86 1853 182 1889 fecto
224 1851 490 1888 familiaritatis
524 1850 680 1897 accepit.
719 1852 867 1886 Habens

87 1900 200 1948 igitur
226 1900 477 1944 intellectum,
499 1903 604 1933 curet
625 1897 794 1940 omnino,
820 1908 867 1932 ne

89 1951 213 1984 taceat
230 1959 238 1991 ;
260 1948 401 1983 habens
415 1956 543 1981 rerum
565 1946 802 1981 affluentiam
817 1944 867 1979 vi-

90 1995 193 2040 gilet,
212 2005 258 2030 116
275 2006 298 2031 a
315 1992 583 2029 misericordiae
604 1992 779 2038 largitate
793 1994 868 2026 tor-

90 2046 242 2090 pescat;
266 2042 410 2078 habens
454 2043 588 2084 artem,
613 2050 686 2085 qua
706 2040 864 2084 regitur,

91 2100 319 2136 magnopere
347 2088 510 2131 studeat,
545 2090 587 2123 ut
613 2097 723 2123 usum
755 2089 867 2131 atque

93 2137 289 2174 utilitatem
312 2136 410 2171 illius
436 2145 521 2171 cum
550 2133 719 2181 proximo
747 2133 866 2179 patia-

91 2190 176 2230 tur;
204 2183 381 2230 loquendi
420 2183 542 2218 locum
582 2182 682 2227 apud
715 2180 868 2216 divitem

90 2233 249 2277 habens,
278 2243 344 2277 pro
374 2229 604 2276 pauperibus
642 2228 866 2263 intercedat.

92 2282 251 2317 Tantum
279 2278 416 2325 quippe
442 2278 489 2313 ab
522 2287 596 2312 uno
619 2286 769 2321 quoque
801 2285 868 2310 110-

93 2332 212 2364 strum
242 2331 418 2361 venturus
451 2323 571 2360 Judex
595 2322 720 2368 exigit,
742 2333 869 2367 quan—

94 2378 173 2411 tum
195 2373 310 2410 dedit.
337 2387 354 2405 >1
378 2371 669 2408 Consideremus
681 2380 770 2415 ergo
784 2379 867 2415 quae

93 2421 319 2467 accepimus,
341 2423 452 2465 atque
474 2418 512 2453 111
533 2428 663 2454 60111111
685 2416 870 2461 erogatio-

94 2480 141 2505 ne
174 2468 381 2513 vigilemus,
398 2466 500 2502 nulla
518 2476 587 2501 nos
625 2475 647 2500 a
683 2463 870 2510 spirituali

96 2525 210 2562 opere
231 2518 381 2550 terrena
399 2524 488 2549 cura
506 2512 701 2558 impediat,
715 2522 762 2546 116
785 2512 814 2545 51
833 2510 871 2545 111

97 2566 199 2599 terra
223 2562 406 2597 talentum
443 2559 699 2602 absconditur,
739 2556 871 2593 talenti

98 2609 275 2648 Dominus
296 2608 343 2644 ad
371 2608 466 2643 iram
501 2609 737 2653 provocetur.
768 2604 871 2640 Unde

98 2658 329 2701 Augustinus
345 2667 353 2691 z
377 2672 392 2686 «
410 2652 673 2699 Unusquisque
687 2653 787 2698 qnod
800 2653 868 2687 ha-

98 2706 162 2742 bet
181 2705 334 2750 praestet
353 2701 475 2746 alteri,
501 2700 684 2747 quidquid
703 2700 786 2745 plns
808 2700 872 2734 ha-

98 2753 161 2789 bet
195 2751 375 2796 largiatur
394 2748 511 2795 inopi.
538 2748 642 2784 Alius
667 2748 780 2783 habet
805 2756 868 2792 pe-

100 2798 249 2836 cuniam
276 2812 283 2833 :
314 2799 438 2843 pascat
475 2805 693 2842 pauperem,
737 2794 872 2829 vestiat

100 2846 258 2890 nudum,
275 2843 436 2881 aedificet
459 2841 671 2886 eeclesiam,
693 2843 870 2888 operetur

224 2910 315 2943 VrrA
330 2910 416 2944 JEsu
433 2909 706 2946 Cnmsmsomus
726 2907 791 2939 ΠΙ.

936 278 982 314 de
1004 277 1076 312 dua
1092 274 1253 322 pecunia
1271 274 1453 321 quidquid
1471 277 1560 312 boni
1578 280 1716 323 potest.

936 325 1039 361 Alius
1060 324 1174 359 habet
1192 322 1389 358 consilium
1409 334 1416 357 ε
1444 329 1551 368 regat
1584 324 1718 370 proxi—

939 382 1055 415 mum,
1075 376 1111 407 et
1138 370 1253 417 pellat
1272 370 1448 405 tenebras
1471 371 1720 407 dubitationis

938 421 1020 456 luce
1040 417 1217 466 pectoris.
1234 417 1337 453 Alius
1354 418 1468 452 habet
1483 418 1720 454 doctrinam:

939 478 1028 513 ergo
1066 467 1111 502 de
1153 464 1306 501 cellario
1344 464 1492 500 Domini
1535 465 1724 501 ministret

939 513 1128 550 conservis
1152 511 1309 556 cibaria,
1348 512 1533 548 confortet
1576 513 1723 557 fideles,

938 564 1091 598 revocet
1132 563 1319 602 errantes,
1360 563 1504 605 quaerat
1538 560 1722 604 perditos,

939 612 1124 655 quantum
1144 611 1267 654 potest
1294 606 1419 643 saciat.
1442 608 1506 642 Est
1532 607 1632 652 quod
1651 607 1725 643 sibi

939 659 1095 703 erogent
1109 662 1298 702 pauperes
1315 666 1323 690 ε
1338 653 1434 690 alius
1452 654 1587 690 claudo
1606 654 1724 700 pedes

938 704 1215 747 accommodet,
1257 701 1354 738 alius
1387 712 1486 737 caeco
1515 712 1604 737 suos
1626 712 1723 737 ocu—

937 752 993 787 105
1013 752 1126 787 duces
1145 751 1327 796 praebeat,
1350 749 1445 785 alius
1466 748 1594 784 visitet
1613 748 1721 784 infir-

938 809 1055 841 mum,
1081 798 1178 834 alius
1208 797 1366 843 sepeliat
1404 799 1598 832 mortuos:
1633 798 1722 831 sunt

935 846 1009 881 ista
1037 845 1075 880 in
1097 846 1287 888 omnibus,
1312 846 1352 880 ut
1388 854 1544 890 prorsus
1565 843 1721 879 difficile

936 892 1153 928 inveniatur
1175 891 1326 937 aliquis,
1366 890 1428 936 qui
1465 902 1543 926 non
1582 891 1722 926 habeat

936 940 1036 976 unde
1057 939 1199 985 aliquid
1229 938 1337 974 alteri
1358 940 1526 984 przestet,
1552 940 1588 974 et
1627 937 1722 973 illud

936 991 1150 1023 extremum
1172 991 1209 1022 et
1229 996 1412 1031 magnum
1435 986 1535 1032 quod
1558 986 1611 1021 ait
1626 986 1724 1031 Apo-

936 1035 1103 1071 stolusad
1123 1035 1272 1070 Galatas
1292 1049 1299 1070 z
1324 1034 1430 1068 Alter
1452 1034 1606 1068 alterius
1626 1034 1725 1067 invi-

935 1094 1008 1119 66111
1028 1093 1135 1118 onera
1155 1084 1280 1117 vestra
1295 1084 1453 1127 portate,
1475 1083 1508 1115 61
1525 1082 1576 1115 sic
1596 1080 1724 1115 ccdim—

936 1132 1086 1177 plebicts
1114 1131 1226 1173 leqem
1253 1130 1403 1165 Christi.
1432 1141 1450 1159 >›
1481 1128 1585 1163 Unde
1610 1126 1725 1162 etiam

939 1180 1246 1222 chrysostomus.-
1286 1190 1304 1209 «
1341 1174 1479 1211 Omnia
1514 1174 1726 1210 inseramus

938 1227 985 1262 ad
1017 1224 1272 1270 proximorum
1315 1223 1542 1258 utilitatem:
1586 1222 1727 1257 talenta

938 1273 1041 1309 enim
1082 1273 1162 1307 haec
1203 1274 1291 1307 sunt
1328 1271 1624 1316 uniuscujusque
1656 1268 1727 1304 vir-

938 1325 1014 1365 tus,
1044 1319 1120 1355 sive
1164 1318 1203 1354 111
1234 1318 1534 1364 praeeminentia,
1579 1316 1654 1352 sive
1685 1316 1725 1352 in

938 1367 1121 1415 pecuniis,
1165 1366 1240 1402 sive
1278 1365 1318 1401 in
1350 1365 1535 1409 doctrina,
1567 1363 1644 1400 sive
1683 1362 1724 1399 in

940 1416 1206 1462 qualicumque
1229 1414 1293 1449 tali
1320 1414 1484 1458 negotio.
1511 1412 1643 1447 Nullus
1664 1410 1720 1446 di-

939 1467 1012 1507 cat,
1036 1462 1213 1508 quoniam
1235 1471 1354 1496 unum
1376 1460 1561 1495 talentum
1581 1459 1721 1502 habeo,

940 1515 977 1548 et
997 1521 1071 1546 non
1088 1518 1243 1555 possum
1266 1509 1404 1551 facere,
1428 1509 1552 1553 potest
1579 1508 1615 1542 et
1652 1516 1722 1551 per

941 1568 1059 1595 unum
1079 1556 1308 1601 approbatus
1346 1565 1428 1590 esse
1448 1566 1455 1591 :
1503 1564 1581 1590 non
1619 1552 1722 1588 enim

941 1618 980 1642 es
1001 1605 1113 1640 vidua
1129 1604 1193 1639 illa
1212 1601 1428 1649 pauperior,
1452 1612 1528 1637 11011
1549 1612 1588 1636 65
1610 1601 1723 1636 Petro

941 1658 976 1689 61
998 1654 1142 1689 Joanne
1168 1649 1359 1694 1115110101,
1383 1650 1447 1694 qui
1481 1651 1518 1684 et
1540 1647 1666 1683 idiotae
1689 1649 1726 1683 et

940 1699 1113 1737 illiterati
1152 1698 1304 1734 suerunt
1324 1708 1333 1741 ;
1375 1696 1441 1732 sed
1467 1699 1595 1731 tamen
1632 1705 1727 1741 quo-

942 1748 1045 1784 niam
1071 1745 1303 1783 desiderium
1340 1747 1663 1787 monstraverunt,
1690 1744 1727 1777 et

941 1796 989 1832 ad
1016 1803 1255 1830 communem
1280 1790 1483 1827 utilitatem
1500 1789 1648 1837 ¹omnia
1670 1789 1727 1824 fe-

941 1845 1088 1885 cerunt,
1110 1840 1229 1876 coelos
1264 1838 1610 1884 apprehenderunt,
1632 1834 1727 1872 nihil

941 1890 1043 1926 enim
1070 1891 1127 1924 est
1165 1887 1217 1922 ita
1246 1888 1322 1921 Deo
1355 1884 1519 1921 amicum
1557 1883 1655 1919 sicut
1681 1882 1730 1919 ad

940 1945 1181 1973 communem
1210 1932 1415 1969 utilitatem
1448 1931 1589 1967 vivere.
1632 1931 1726 1966 Pro-

940 1988 1024 2031 pter
1038 1984 1125 2027 1100,
1141 1991 1357 2017 sermonem
1372 1978 1480 2015 nobis
1492 1978 1596 2014 dedit
1607 1979 1725 2022 Deus,

941 2035 977 2068 et
1001 2040 1150 2073 manus,
1173 2031 1209 2063 et
1229 2028 1356 2074 pedes,
1394 2030 1431 2062 et
1456 2026 1625 2072 corporis
1648 2024 1724 2060 vir-

940 2083 1075 2122 tutem,
1095 2081 1133 2113 et
1155 2076 1404 2118 intellectum,
1427 2079 1464 2109 et
1492 2083 1660 2117 sensum,
1681 2074 1725 2107 ut

942 2125 1117 2162 omnibus
1143 2123 1202 2159 1115
1229 2125 1266 2158 61
1287 2122 1335 2158 ad
1361 2125 1531 2157 nostram
1552 2120 1722 2166 ipsorum

943 2174 1116 2215 salutem,
1139 2174 1175 2207 et
1211 2170 1258 2206 ad
1283 2168 1540 2214 proximorum
1574 2166 1720 2203 utilita-

942 2224 1018 2257 tem
1036 2224 1201 2255 utamur.
1222 2218 1304 2253 Non
1329 2227 1422 2262 opus
1440 2220 1497 2251 est
1517 2214 1644 2251 multis
1661 2213 1723 2249 1110

943 2267 1051 2304 nobis
1073 2264 1328 2308 sermonibus,
1359 2274 1482 2309 neque
1510 2263 1625 2308 longa
1652 2260 1724 2297 cir-

944 2315 1121 2357 cuitione,
1142 2312 1256 2348 instat
1290 2310 1390 2347 enim
1424 2312 1557 2346 beatus
1573 2309 1724 2349 Paulus,

942 2360 1185 2399 ratiocinium
1199 2361 1323 2395 ferens
1342 2362 1379 2394 et
1396 2357 1544 2394 dicens:
1565 2357 1726 2393 Dissolvi

944 2414 977 2446 et
996 2420 1069 2445 esse
1090 2419 1170 2443 cum
1190 2408 1331 2443 Christo
1359 2406 1472 2441 multo
1498 2406 1618 2449 mayz's
1654 2413 1726 2438 me-

945 2459 1017 2494 lius
1039 2459 1123 2500 651;
1160 2464 1370 2500 permanere
1401 2456 1521 2488 autem
1555 2454 1595 2487 in
1616 2460 1724 2487 carne

945 2503 1067 2550 magis
1097 2503 1341 2538 necessarium
1367 2503 1424 2536 est
1448 2503 1598 2546 propter
1632 2508 1723 2541 1103,-

946 2555 982 2588 61
1004 2553 1052 2595 61,
1073 2549 1135 2596 qui
1156 2550 1203 2585 ad
1222 2548 1411 2584 Christum
1433 2550 1515 2582 erat
1534 2544 1728 2582 discessio-

946 2599 998 2643 ni,
1016 2596 1222 2645 praeposuit
1242 2594 1402 2642 proximi
1421 2593 1725 2630 aedificationem.

948 2648 1024 2682 Hoc
1044 2645 1145 2681 enim
1168 2643 1329 2679 maxime
1350 2644 1407 2678 est
1424 2652 1506 2677 esse
1518 2651 1601 2677 cum
1623 2638 1727 2676 Chri-

948 2698 1021 2737 sto,
1044 2693 1277 2729 voluntatem
1297 2690 1378 2736 ejus
1396 2689 1534 2728 facere,
1554 2688 1727 2723 voluntas

947 2746 1075 2777 autem
1102 2740 1183 2786 ejus
1202 2738 1295 2773 nihil
1322 2740 1379 2772 est
1417 2735 1482 2777 ita,
1511 2735 1605 2771 sicut
1628 2731 1732 2779 quod

948 2787 1097 2835 expedit
1119 2785 1305 2833 proximo.
1331 2783 1369 2820 Si
1396 2783 1498 2820 enim
1519 2783 1558 2817 in
1587 2780 1728 2818 secula-

946 2837 1050 2874 ribus
1069 2834 1192 2872 111111115
1210 2831 1355 2879 sibiipsi
1384 2829 1487 2876 vivit,
1513 2829 1580 2866 sed
1599 2831 1637 2865 et
1661 2837 1727 2866 ar-

1603 2899 1642 2928 20
