<?xml version="1.0" encoding="UTF-8"?>
<!DOCTYPE html PUBLIC "-//W3C//DTD XHTML 1.0 Transitional//EN"
    "http://www.w3.org/TR/xhtml1/DTD/xhtml1-transitional.dtd">
<html xmlns="http://www.w3.org/1999/xhtml" xml:lang="en" lang="en">
 <head>
  <title>
</title>
<meta http-equiv="Content-Type" content="text/html;charset=utf-8" />
  <meta name='ocr-system' content='tesseract 3.04.00' />
  <meta name='ocr-capabilities' content='ocr_page ocr_carea ocr_par ocr_line ocrx_word'/>
</head>
<body>
  <div class='ocr_page' id='page_1' title='image "./vitajesuchristie03ludouoft_0290.png"; bbox 0 0 1907 3139; ppageno 0'>
   <div class='ocr_carea' id='block_1_1' title="bbox 159 142 1345 181">
    <p class='ocr_par' dir='ltr' id='par_1_1' title="bbox 159 142 1345 181">
     <span class='ocr_line' id='line_1_1' title="bbox 159 142 1345 181; baseline -0.005 0"><span class='ocrx_word' id='word_1_1' title='bbox 159 147 223 181; x_wconf 68' lang='lat'>280</span> <span class='ocrx_word' id='word_1_2' title='bbox 612 143 823 178; x_wconf 75' lang='lat' dir='ltr'>SECUNDAE</span> <span class='ocrx_word' id='word_1_3' title='bbox 862 144 1019 178; x_wconf 76' lang='lat' dir='ltr'>PARTIS</span> <span class='ocrx_word' id='word_1_4' title='bbox 1058 143 1198 176; x_wconf 86' lang='lat' dir='ltr'>CAPUT</span> <span class='ocrx_word' id='word_1_5' title='bbox 1236 142 1345 176; x_wconf 87' lang='lat' dir='ltr'>XLIV</span> 
     </span>
    </p>
   </div>
   <div class='ocr_carea' id='block_1_2' title="bbox 156 212 944 1814">
    <p class='ocr_par' dir='ltr' id='par_1_2' title="bbox 156 212 944 1814">
     <span class='ocr_line' id='line_1_2' title="bbox 156 212 931 261; baseline -0.009 -9"><span class='ocrx_word' id='word_1_6' title='bbox 156 217 354 261; x_wconf 76' lang='lat' dir='ltr'><strong>surgentes</strong></span> <span class='ocrx_word' id='word_1_7' title='bbox 369 215 415 251; x_wconf 87' lang='lat' dir='ltr'>ab</span> <span class='ocrx_word' id='word_1_8' title='bbox 431 214 498 258; x_wconf 90' lang='lat' dir='ltr'>eis,</span> <span class='ocrx_word' id='word_1_9' title='bbox 512 212 761 249; x_wconf 80' lang='lat' dir='ltr'>sibidicentes</span> <span class='ocrx_word' id='word_1_10' title='bbox 776 224 783 248; x_wconf 76' lang='grc' dir='ltr'>ε</span> <span class='ocrx_word' id='word_1_11' title='bbox 801 213 931 256; x_wconf 81' lang='lat' dir='ltr'>Surge,</span> 
     </span>
     <span class='ocr_line' id='line_1_3' title="bbox 157 258 933 307; baseline -0.006 -9"><span class='ocrx_word' id='word_1_12' title='bbox 157 264 266 306; x_wconf 86' lang='lat' dir='ltr'>vade,</span> <span class='ocrx_word' id='word_1_13' title='bbox 293 261 473 307; x_wconf 85' lang='lat' dir='ltr'>quoniam</span> <span class='ocrx_word' id='word_1_14' title='bbox 501 272 577 297; x_wconf 88' lang='lat' dir='ltr'>non</span> <span class='ocrx_word' id='word_1_15' title='bbox 603 264 657 296; x_wconf 79' lang='lat' dir='ltr'>est</span> <span class='ocrx_word' id='word_1_16' title='bbox 686 261 745 295; x_wconf 73' lang='lat' dir='ltr'>hic</span> <span class='ocrx_word' id='word_1_17' title='bbox 776 258 841 294; x_wconf 90' lang='lat' dir='ltr'>tibi</span> <span class='ocrx_word' id='word_1_18' title='bbox 877 269 933 293; x_wconf 92' lang='lat' dir='ltr'>re-</span> 
     </span>
     <span class='ocr_line' id='line_1_4' title="bbox 159 306 936 357; baseline -0.009 -11"><span class='ocrx_word' id='word_1_19' title='bbox 159 309 276 356; x_wconf 82' lang='lat' dir='ltr'>quies,</span> <span class='ocrx_word' id='word_1_20' title='bbox 312 308 448 346; x_wconf 82' lang='lat' dir='ltr'>talibus</span> <span class='ocrx_word' id='word_1_21' title='bbox 486 319 559 344; x_wconf 91' lang='lat' dir='ltr'>non</span> <span class='ocrx_word' id='word_1_22' title='bbox 597 311 653 343; x_wconf 90' lang='lat' dir='ltr'>est</span> <span class='ocrx_word' id='word_1_23' title='bbox 682 306 747 342; x_wconf 90' lang='lat' dir='ltr'>illa</span> <span class='ocrx_word' id='word_1_24' title='bbox 783 306 861 341; x_wconf 84' lang='lat' dir='ltr'>dies</span> <span class='ocrx_word' id='word_1_25' title='bbox 882 308 936 357; x_wconf 30' lang='lat' dir='ltr'>’ut</span> 
     </span>
     <span class='ocr_line' id='line_1_5' title="bbox 158 354 933 402; baseline -0.008 -9"><span class='ocrx_word' id='word_1_26' title='bbox 158 358 314 402; x_wconf 79' lang='lat' dir='ltr'>laqueus</span> <span class='ocrx_word' id='word_1_27' title='bbox 348 360 384 393; x_wconf 88' lang='lat' dir='ltr'>et</span> <span class='ocrx_word' id='word_1_28' title='bbox 416 355 644 396; x_wconf 70' lang='lat' dir='ltr'>discrimen,</span> <span class='ocrx_word' id='word_1_29' title='bbox 680 354 745 390; x_wconf 88' lang='lat' dir='ltr'>sed</span> <span class='ocrx_word' id='word_1_30' title='bbox 780 356 822 388; x_wconf 86' lang='lat' dir='ltr'>ut</span> <span class='ocrx_word' id='word_1_31' title='bbox 856 354 933 387; x_wconf 79' lang='lat' dir='ltr'>dies</span> 
     </span>
     <span class='ocr_line' id='line_1_6' title="bbox 157 399 936 440; baseline -0.008 0"><span class='ocrx_word' id='word_1_32' title='bbox 157 403 326 440; x_wconf 87' lang='lat' dir='ltr'>festivus.</span> <span class='ocrx_word' id='word_1_33' title='bbox 348 417 367 436; x_wconf 90' lang='lat'>»</span> <span class='ocrx_word' id='word_1_34' title='bbox 387 403 492 440; x_wconf 97' lang='lat' dir='ltr'>Unde</span> <span class='ocrx_word' id='word_1_35' title='bbox 508 406 543 439; x_wconf 89' lang='lat' dir='ltr'>et</span> <span class='ocrx_word' id='word_1_36' title='bbox 556 402 679 438; x_wconf 76' lang='lat' dir='ltr'>Beda:</span> <span class='ocrx_word' id='word_1_37' title='bbox 700 415 718 433; x_wconf 71' lang='grc' dir='ltr'>α</span> <span class='ocrx_word' id='word_1_38' title='bbox 735 400 762 435; x_wconf 93' lang='lat' dir='ltr'>O</span> <span class='ocrx_word' id='word_1_39' title='bbox 783 399 936 435; x_wconf 80' lang='lat' dir='ltr'>stultam</span> 
     </span>
     <span class='ocr_line' id='line_1_7' title="bbox 157 447 935 499; baseline -0.009 -11"><span class='ocrx_word' id='word_1_40' title='bbox 157 450 487 498; x_wconf 74' lang='lat' dir='ltr'>praesumptionem</span> <span class='ocrx_word' id='word_1_41' title='bbox 516 450 638 485; x_wconf 84' lang='lat' dir='ltr'>cordis</span> <span class='ocrx_word' id='word_1_42' title='bbox 663 447 830 487; x_wconf 78' lang='lat' dir='ltr'>humani,</span> <span class='ocrx_word' id='word_1_43' title='bbox 852 457 935 499; x_wconf 81' lang='lat' dir='ltr'>quae</span> 
     </span>
     <span class='ocr_line' id='line_1_8' title="bbox 158 494 936 547; baseline -0.009 -12"><span class='ocrx_word' id='word_1_44' title='bbox 158 498 437 535; x_wconf 80' lang='lat' dir='ltr'>lamentabilem</span> <span class='ocrx_word' id='word_1_45' title='bbox 450 498 564 533; x_wconf 77' lang='lat' dir='ltr'>finem</span> <span class='ocrx_word' id='word_1_46' title='bbox 577 495 804 547; x_wconf 30' lang='lat' dir='ltr'>cupiditati-s,</span> <span class='ocrx_word' id='word_1_47' title='bbox 818 494 936 530; x_wconf 84' lang='lat' dir='ltr'>ebrie-</span> 
     </span>
     <span class='ocr_line' id='line_1_9' title="bbox 158 541 934 591; baseline -0.009 -9"><span class='ocrx_word' id='word_1_48' title='bbox 158 545 259 590; x_wconf 81' lang='lat' dir='ltr'>tatis,</span> <span class='ocrx_word' id='word_1_49' title='bbox 275 548 312 581; x_wconf 91' lang='lat' dir='ltr'>et</span> <span class='ocrx_word' id='word_1_50' title='bbox 326 545 500 591; x_wconf 77' lang='lat' dir='ltr'>crapulae,</span> <span class='ocrx_word' id='word_1_51' title='bbox 518 554 586 579; x_wconf 90' lang='lat' dir='ltr'>nec</span> <span class='ocrx_word' id='word_1_52' title='bbox 601 542 682 589; x_wconf 90' lang='lat' dir='ltr'>ipso</span> <span class='ocrx_word' id='word_1_53' title='bbox 696 541 823 587; x_wconf 85' lang='lat' dir='ltr'>judice</span> <span class='ocrx_word' id='word_1_54' title='bbox 843 551 934 576; x_wconf 89' lang='lat' dir='ltr'>con-</span> 
     </span>
     <span class='ocr_line' id='line_1_10' title="bbox 158 589 936 638; baseline -0.009 -9"><span class='ocrx_word' id='word_1_55' title='bbox 158 596 337 636; x_wconf 80' lang='lat' dir='ltr'>testante,</span> <span class='ocrx_word' id='word_1_56' title='bbox 355 592 572 638; x_wconf 83' lang='lat' dir='ltr'>praevideat,</span> <span class='ocrx_word' id='word_1_57' title='bbox 595 590 660 625; x_wconf 88' lang='lat' dir='ltr'>sed</span> <span class='ocrx_word' id='word_1_58' title='bbox 681 589 845 625; x_wconf 89' lang='lat' dir='ltr'>edictum</span> <span class='ocrx_word' id='word_1_59' title='bbox 867 589 936 623; x_wconf 87' lang='lat' dir='ltr'>Re-</span> 
     </span>
     <span class='ocr_line' id='line_1_11' title="bbox 162 637 935 687; baseline -0.009 -11"><span class='ocrx_word' id='word_1_60' title='bbox 162 640 218 687; x_wconf 88' lang='lat' dir='ltr'>gis</span> <span class='ocrx_word' id='word_1_61' title='bbox 249 639 380 676; x_wconf 75' lang='lat' dir='ltr'>aeterni</span> <span class='ocrx_word' id='word_1_62' title='bbox 413 639 453 674; x_wconf 89' lang='lat' dir='ltr'>in</span> <span class='ocrx_word' id='word_1_63' title='bbox 489 648 593 674; x_wconf 90' lang='lat' dir='ltr'>more</span> <span class='ocrx_word' id='word_1_64' title='bbox 628 637 724 671; x_wconf 80' lang='lat' dir='ltr'>servi</span> <span class='ocrx_word' id='word_1_65' title='bbox 759 645 935 681; x_wconf 83' lang='lat' dir='ltr'>nequam,</span> 
     </span>
     <span class='ocr_line' id='line_1_12' title="bbox 162 682 935 735; baseline -0.009 -11"><span class='ocrx_word' id='word_1_66' title='bbox 162 690 360 735; x_wconf 82' lang='lat' dir='ltr'>postquam</span> <span class='ocrx_word' id='word_1_67' title='bbox 369 685 553 728; x_wconf 75' lang='lat' dir='ltr'>didicerit,</span> <span class='ocrx_word' id='word_1_68' title='bbox 564 682 727 731; x_wconf 85' lang='lat' dir='ltr'>spernat!</span> <span class='ocrx_word' id='word_1_69' title='bbox 738 697 756 715; x_wconf 88' lang='lat'>»</span> <span class='ocrx_word' id='word_1_70' title='bbox 767 684 811 719; x_wconf 88' lang='lat' dir='ltr'>Et</span> <span class='ocrx_word' id='word_1_71' title='bbox 823 685 935 734; x_wconf 82' lang='lat' dir='ltr'>certe,</span> 
     </span>
     <span class='ocr_line' id='line_1_13' title="bbox 161 729 938 781; baseline -0.009 -10"><span class='ocrx_word' id='word_1_72' title='bbox 161 734 192 771; x_wconf 88' lang='lat' dir='ltr'>si</span> <span class='ocrx_word' id='word_1_73' title='bbox 214 735 295 781; x_wconf 89' lang='lat' dir='ltr'>quis</span> <span class='ocrx_word' id='word_1_74' title='bbox 312 734 416 769; x_wconf 90' lang='lat' dir='ltr'>nobis</span> <span class='ocrx_word' id='word_1_75' title='bbox 434 732 575 779; x_wconf 89' lang='lat' dir='ltr'>peritus</span> <span class='ocrx_word' id='word_1_76' title='bbox 593 742 636 767; x_wconf 87' lang='lat' dir='ltr'>ac</span> <span class='ocrx_word' id='word_1_77' title='bbox 654 731 805 777; x_wconf 91' lang='lat' dir='ltr'>sapiens</span> <span class='ocrx_word' id='word_1_78' title='bbox 823 729 938 765; x_wconf 81' lang='lat' dir='ltr'>medi-</span> 
     </span>
     <span class='ocr_line' id='line_1_14' title="bbox 163 776 936 827; baseline -0.009 -9"><span class='ocrx_word' id='word_1_79' title='bbox 163 792 227 819; x_wconf 88' lang='lat' dir='ltr'>cus</span> <span class='ocrx_word' id='word_1_80' title='bbox 248 780 468 827; x_wconf 81' lang='lat' dir='ltr'>praeciperet</span> <span class='ocrx_word' id='word_1_81' title='bbox 491 791 499 816; x_wconf 89' lang='lat'>:</span> <span class='ocrx_word' id='word_1_82' title='bbox 525 777 727 821; x_wconf 81' lang='lat' dir='ltr'>Attendite,</span> <span class='ocrx_word' id='word_1_83' title='bbox 750 776 936 823; x_wconf 85' lang='lat' dir='ltr'>inquiens,</span> 
     </span>
     <span class='ocr_line' id='line_1_15' title="bbox 162 823 937 874; baseline -0.008 -9"><span class='ocrx_word' id='word_1_84' title='bbox 162 829 282 870; x_wconf 78' lang='lat' dir='ltr'>vobis,</span> <span class='ocrx_word' id='word_1_85' title='bbox 304 839 350 864; x_wconf 90' lang='lat' dir='ltr'>ne</span> <span class='ocrx_word' id='word_1_86' title='bbox 371 828 466 874; x_wconf 90' lang='lat' dir='ltr'>quis,</span> <span class='ocrx_word' id='word_1_87' title='bbox 486 826 590 862; x_wconf 90' lang='lat' dir='ltr'>verbi</span> <span class='ocrx_word' id='word_1_88' title='bbox 618 825 741 871; x_wconf 84' lang='lat' dir='ltr'>gratia</span> <span class='ocrx_word' id='word_1_89' title='bbox 764 825 809 860; x_wconf 92' lang='lat' dir='ltr'>de</span> <span class='ocrx_word' id='word_1_90' title='bbox 838 823 937 860; x_wconf 89' lang='lat' dir='ltr'>illius</span> 
     </span>
     <span class='ocr_line' id='line_1_16' title="bbox 162 870 937 917; baseline -0.01 -4"><span class='ocrx_word' id='word_1_91' title='bbox 162 877 291 912; x_wconf 82' lang='lat' dir='ltr'>herbae</span> <span class='ocrx_word' id='word_1_92' title='bbox 320 886 431 911; x_wconf 85' lang='lat' dir='ltr'>succo</span> <span class='ocrx_word' id='word_1_93' title='bbox 459 873 604 909; x_wconf 89' lang='lat' dir='ltr'>avidius</span> <span class='ocrx_word' id='word_1_94' title='bbox 629 876 764 912; x_wconf 62' lang='lat' dir='ltr'>sumat,</span> <span class='ocrx_word' id='word_1_95' title='bbox 789 872 887 917; x_wconf 85' lang='lat' dir='ltr'>quod</span> <span class='ocrx_word' id='word_1_96' title='bbox 908 870 937 905; x_wconf 85' lang='lat' dir='ltr'>si</span> 
     </span>
     <span class='ocr_line' id='line_1_17' title="bbox 163 918 938 967; baseline -0.01 -8"><span class='ocrx_word' id='word_1_97' title='bbox 163 922 307 966; x_wconf 81' lang='lat' dir='ltr'>fecerit,</span> <span class='ocrx_word' id='word_1_98' title='bbox 329 921 550 967; x_wconf 83' lang='lat' dir='ltr'>repentinus</span> <span class='ocrx_word' id='word_1_99' title='bbox 569 920 603 956; x_wconf 91' lang='lat' dir='ltr'>ei</span> <span class='ocrx_word' id='word_1_100' title='bbox 627 918 861 965; x_wconf 74' lang='lat' dir='ltr'>supervenIet</span> <span class='ocrx_word' id='word_1_101' title='bbox 882 918 938 953; x_wconf 87' lang='lat' dir='ltr'>in-</span> 
     </span>
     <span class='ocr_line' id='line_1_18' title="bbox 164 966 939 1015; baseline -0.005 -10"><span class='ocrx_word' id='word_1_102' title='bbox 164 971 311 1013; x_wconf 89' lang='lat' dir='ltr'>teritus,</span> <span class='ocrx_word' id='word_1_103' title='bbox 337 972 479 1015; x_wconf 83' lang='lat' dir='ltr'>quanto</span> <span class='ocrx_word' id='word_1_104' title='bbox 507 968 664 1014; x_wconf 86' lang='lat' dir='ltr'>quisque</span> <span class='ocrx_word' id='word_1_105' title='bbox 692 966 815 1002; x_wconf 86' lang='lat' dir='ltr'>studio</span> <span class='ocrx_word' id='word_1_106' title='bbox 842 976 939 1010; x_wconf 78' lang='lat' dir='ltr'>prae-</span> 
     </span>
     <span class='ocr_line' id='line_1_19' title="bbox 166 1014 937 1057; baseline -0.006 -4"><span class='ocrx_word' id='word_1_107' title='bbox 166 1015 352 1053; x_wconf 89' lang='lat' dir='ltr'>monentis</span> <span class='ocrx_word' id='word_1_108' title='bbox 379 1014 514 1051; x_wconf 87' lang='lat' dir='ltr'>medici</span> <span class='ocrx_word' id='word_1_109' title='bbox 552 1014 725 1049; x_wconf 62' lang='lat' dir='ltr'>mandata</span> <span class='ocrx_word' id='word_1_110' title='bbox 759 1016 937 1057; x_wconf 89' lang='lat' dir='ltr'>servaret,</span> 
     </span>
     <span class='ocr_line' id='line_1_20' title="bbox 165 1059 937 1106; baseline -0.008 -6"><span class='ocrx_word' id='word_1_111' title='bbox 165 1074 212 1100; x_wconf 87' lang='lat' dir='ltr'>ne</span> <span class='ocrx_word' id='word_1_112' title='bbox 226 1062 399 1098; x_wconf 79' lang='lat' dir='ltr'>videlicet</span> <span class='ocrx_word' id='word_1_113' title='bbox 416 1061 565 1097; x_wconf 90' lang='lat' dir='ltr'>vetitum</span> <span class='ocrx_word' id='word_1_114' title='bbox 579 1061 763 1106; x_wconf 87' lang='lat' dir='ltr'>gustando</span> <span class='ocrx_word' id='word_1_115' title='bbox 779 1059 937 1106; x_wconf 49' lang='lat' dir='ltr'>perirem</span> 
     </span>
     <span class='ocr_line' id='line_1_21' title="bbox 166 1108 940 1151; baseline -0.009 -3"><span class='ocrx_word' id='word_1_116' title='bbox 166 1122 208 1148; x_wconf 89' lang='lat' dir='ltr'>ac</span> <span class='ocrx_word' id='word_1_117' title='bbox 225 1121 325 1146; x_wconf 87' lang='lat' dir='ltr'>nunc</span> <span class='ocrx_word' id='word_1_118' title='bbox 345 1108 557 1145; x_wconf 83' lang='lat' dir='ltr'>animarum</span> <span class='ocrx_word' id='word_1_119' title='bbox 572 1108 679 1143; x_wconf 80' lang='lat' dir='ltr'>simul</span> <span class='ocrx_word' id='word_1_120' title='bbox 694 1111 730 1142; x_wconf 89' lang='lat' dir='ltr'>et</span> <span class='ocrx_word' id='word_1_121' title='bbox 743 1117 940 1151; x_wconf 86' lang='lat' dir='ltr'>corporum</span> 
     </span>
     <span class='ocr_line' id='line_1_22' title="bbox 168 1154 941 1201; baseline -0.006 -7"><span class='ocrx_word' id='word_1_122' title='bbox 168 1159 350 1201; x_wconf 77' lang='lat' dir='ltr'>Salvator,</span> <span class='ocrx_word' id='word_1_123' title='bbox 367 1167 409 1192; x_wconf 82' lang='lat' dir='ltr'>ac</span> <span class='ocrx_word' id='word_1_124' title='bbox 429 1155 608 1191; x_wconf 84' lang='lat' dir='ltr'>Dominus</span> <span class='ocrx_word' id='word_1_125' title='bbox 623 1156 731 1200; x_wconf 83' lang='lat' dir='ltr'>jubet</span> <span class='ocrx_word' id='word_1_126' title='bbox 749 1154 941 1190; x_wconf 68' lang='lat' dir='ltr'>ebrietatis</span> 
     </span>
     <span class='ocr_line' id='line_1_23' title="bbox 166 1202 941 1247; baseline -0.006 -6"><span class='ocrx_word' id='word_1_127' title='bbox 166 1207 324 1242; x_wconf 84' lang='lat' dir='ltr'>herbam</span> <span class='ocrx_word' id='word_1_128' title='bbox 341 1207 378 1240; x_wconf 89' lang='lat' dir='ltr'>et</span> <span class='ocrx_word' id='word_1_129' title='bbox 395 1205 556 1247; x_wconf 73' lang='lat' dir='ltr'>crapulae</span> <span class='ocrx_word' id='word_1_130' title='bbox 570 1202 772 1244; x_wconf 89' lang='lat' dir='ltr'>vitandam,</span> <span class='ocrx_word' id='word_1_131' title='bbox 796 1212 941 1237; x_wconf 79' lang='lat' dir='ltr'>necnon</span> 
     </span>
     <span class='ocr_line' id='line_1_24' title="bbox 167 1248 940 1293; baseline -0.009 -3"><span class='ocrx_word' id='word_1_132' title='bbox 167 1256 205 1290; x_wconf 91' lang='lat' dir='ltr'>et</span> <span class='ocrx_word' id='word_1_133' title='bbox 223 1262 398 1289; x_wconf 88' lang='lat' dir='ltr'>curarum</span> <span class='ocrx_word' id='word_1_134' title='bbox 419 1250 642 1287; x_wconf 74' lang='lat' dir='ltr'>secularium</span> <span class='ocrx_word' id='word_1_135' title='bbox 658 1248 940 1293; x_wconf 77' lang='lat' dir='ltr'>sollicitudines,</span> 
     </span>
     <span class='ocr_line' id='line_1_25' title="bbox 168 1296 940 1337; baseline -0.005 -2"><span class='ocrx_word' id='word_1_136' title='bbox 168 1303 210 1337; x_wconf 90' lang='lat' dir='ltr'>ut</span> <span class='ocrx_word' id='word_1_137' title='bbox 234 1298 446 1335; x_wconf 78' lang='lat' dir='ltr'>mortiferos</span> <span class='ocrx_word' id='word_1_138' title='bbox 475 1308 605 1333; x_wconf 88' lang='lat' dir='ltr'>succos</span> <span class='ocrx_word' id='word_1_139' title='bbox 633 1307 714 1333; x_wconf 87' lang='lat' dir='ltr'>esse</span> <span class='ocrx_word' id='word_1_140' title='bbox 742 1296 940 1336; x_wconf 87' lang='lat' dir='ltr'>cavendos,</span> 
     </span>
     <span class='ocr_line' id='line_1_26' title="bbox 170 1344 943 1393; baseline -0.008 -9"><span class='ocrx_word' id='word_1_141' title='bbox 170 1350 207 1384; x_wconf 89' lang='lat' dir='ltr'>et</span> <span class='ocrx_word' id='word_1_142' title='bbox 228 1345 357 1393; x_wconf 88' lang='lat' dir='ltr'>quanti</span> <span class='ocrx_word' id='word_1_143' title='bbox 377 1349 505 1381; x_wconf 71' lang='lat' dir='ltr'>tamen</span> <span class='ocrx_word' id='word_1_144' title='bbox 526 1348 695 1380; x_wconf 88' lang='lat' dir='ltr'>nostrum</span> <span class='ocrx_word' id='word_1_145' title='bbox 715 1344 773 1379; x_wconf 85' lang='lat' dir='ltr'>his</span> <span class='ocrx_word' id='word_1_146' title='bbox 794 1354 867 1379; x_wconf 84' lang='lat' dir='ltr'>non</span> <span class='ocrx_word' id='word_1_147' title='bbox 888 1354 943 1378; x_wconf 95' lang='lat' dir='ltr'>so-</span> 
     </span>
     <span class='ocr_line' id='line_1_27' title="bbox 168 1391 942 1435; baseline -0.009 -4"><span class='ocrx_word' id='word_1_148' title='bbox 168 1395 245 1431; x_wconf 88' lang='lat' dir='ltr'>lum</span> <span class='ocrx_word' id='word_1_149' title='bbox 266 1393 439 1435; x_wconf 88' lang='lat' dir='ltr'>sauciari,</span> <span class='ocrx_word' id='word_1_150' title='bbox 461 1393 525 1428; x_wconf 86' lang='lat' dir='ltr'>sed</span> <span class='ocrx_word' id='word_1_151' title='bbox 546 1391 660 1428; x_wconf 89' lang='lat' dir='ltr'>etiam</span> <span class='ocrx_word' id='word_1_152' title='bbox 676 1391 845 1427; x_wconf 81' lang='lat' dir='ltr'>consumi</span> <span class='ocrx_word' id='word_1_153' title='bbox 867 1400 942 1425; x_wconf 89' lang='lat' dir='ltr'>non</span> 
     </span>
     <span class='ocr_line' id='line_1_28' title="bbox 168 1436 942 1479; baseline -0.006 -2"><span class='ocrx_word' id='word_1_154' title='bbox 168 1442 330 1477; x_wconf 74' lang='lat' dir='ltr'>timent?</span> <span class='ocrx_word' id='word_1_155' title='bbox 353 1440 460 1476; x_wconf 86' lang='lat' dir='ltr'>Nulla</span> <span class='ocrx_word' id='word_1_156' title='bbox 486 1440 597 1475; x_wconf 87' lang='lat' dir='ltr'>credo</span> <span class='ocrx_word' id='word_1_157' title='bbox 623 1438 697 1474; x_wconf 89' lang='lat' dir='ltr'>alia</span> <span class='ocrx_word' id='word_1_158' title='bbox 724 1448 849 1479; x_wconf 85' lang='lat' dir='ltr'>causa,</span> <span class='ocrx_word' id='word_1_159' title='bbox 873 1436 942 1473; x_wconf 91' lang='lat' dir='ltr'>nisi</span> 
     </span>
     <span class='ocr_line' id='line_1_29' title="bbox 173 1484 943 1535; baseline -0.009 -11"><span class='ocrx_word' id='word_1_160' title='bbox 173 1487 261 1535; x_wconf 88' lang='lat' dir='ltr'>quia</span> <span class='ocrx_word' id='word_1_161' title='bbox 280 1488 394 1529; x_wconf 85' lang='lat' dir='ltr'>fidem</span> <span class='ocrx_word' id='word_1_162' title='bbox 417 1497 529 1532; x_wconf 88' lang='lat' dir='ltr'>quam</span> <span class='ocrx_word' id='word_1_163' title='bbox 549 1485 681 1521; x_wconf 79' lang='lat' dir='ltr'>medici</span> <span class='ocrx_word' id='word_1_164' title='bbox 705 1486 871 1530; x_wconf 59' lang='lat' dir='ltr'>praebent</span> <span class='ocrx_word' id='word_1_165' title='bbox 893 1484 943 1518; x_wconf 79' lang='lat' dir='ltr'>‹ii-</span> 
     </span>
     <span class='ocr_line' id='line_1_30' title="bbox 174 1531 944 1578; baseline -0.006 -7"><span class='ocrx_word' id='word_1_166' title='bbox 174 1535 253 1578; x_wconf 70' lang='lat' dir='ltr'>etis,</span> <span class='ocrx_word' id='word_1_167' title='bbox 270 1536 345 1570; x_wconf 93' lang='lat' dir='ltr'>Deo</span> <span class='ocrx_word' id='word_1_168' title='bbox 369 1536 534 1578; x_wconf 85' lang='lat' dir='ltr'>praebere</span> <span class='ocrx_word' id='word_1_169' title='bbox 556 1536 823 1569; x_wconf 85' lang='lat' dir='ltr'>comtemnunt.</span> <span class='ocrx_word' id='word_1_170' title='bbox 838 1531 873 1567; x_wconf 86' lang='lat' dir='ltr'>Si</span> <span class='ocrx_word' id='word_1_171' title='bbox 895 1534 944 1567; x_wconf 87' lang='lat' dir='ltr'>et-</span> 
     </span>
     <span class='ocr_line' id='line_1_31' title="bbox 173 1580 944 1625; baseline -0.006 -6"><span class='ocrx_word' id='word_1_172' title='bbox 173 1582 273 1619; x_wconf 85' lang='lat' dir='ltr'>enim</span> <span class='ocrx_word' id='word_1_173' title='bbox 300 1580 567 1625; x_wconf 74' lang='lat' dir='ltr'>credidissent,</span> <span class='ocrx_word' id='word_1_174' title='bbox 595 1580 782 1616; x_wconf 69' lang='lat' dir='ltr'>creilcndo</span> <span class='ocrx_word' id='word_1_175' title='bbox 816 1580 944 1624; x_wconf 85' lang='lat' dir='ltr'>utique</span> 
     </span>
     <span class='ocr_line' id='line_1_32' title="bbox 170 1626 944 1672; baseline -0.006 -7"><span class='ocrx_word' id='word_1_176' title='bbox 170 1629 359 1672; x_wconf 84' lang='lat' dir='ltr'>timerent,</span> <span class='ocrx_word' id='word_1_177' title='bbox 392 1627 559 1663; x_wconf 88' lang='lat' dir='ltr'>timendo</span> <span class='ocrx_word' id='word_1_178' title='bbox 593 1629 718 1662; x_wconf 83' lang='lat' dir='ltr'>autem</span> <span class='ocrx_word' id='word_1_179' title='bbox 745 1626 944 1661; x_wconf 67' lang='lat' dir='ltr'>imminens</span> 
     </span>
     <span class='ocr_line' id='line_1_33' title="bbox 171 1673 942 1724; baseline -0.006 -12"><span class='ocrx_word' id='word_1_180' title='bbox 171 1676 382 1724; x_wconf 89' lang='lat' dir='ltr'>periculum</span> <span class='ocrx_word' id='word_1_181' title='bbox 401 1677 573 1710; x_wconf 72' lang='lat' dir='ltr'>caverent</span> <span class='ocrx_word' id='word_1_182' title='bbox 601 1674 704 1709; x_wconf 85' lang='lat' dir='ltr'>Unde</span> <span class='ocrx_word' id='word_1_183' title='bbox 722 1673 772 1708; x_wconf 82' lang='lat' dir='ltr'>ait</span> <span class='ocrx_word' id='word_1_184' title='bbox 791 1674 942 1716; x_wconf 73' lang='lat' dir='ltr'>Chryso-</span> 
     </span>
     <span class='ocr_line' id='line_1_34' title="bbox 173 1720 944 1760; baseline -0.008 0"><span class='ocrx_word' id='word_1_185' title='bbox 173 1728 308 1760; x_wconf 73' lang='lat' dir='ltr'>stemus</span> <span class='ocrx_word' id='word_1_186' title='bbox 329 1736 339 1758; x_wconf 90' lang='lat'>.·</span> <span class='ocrx_word' id='word_1_187' title='bbox 368 1736 380 1754; x_wconf 89' lang='lat'>«</span> <span class='ocrx_word' id='word_1_188' title='bbox 409 1722 445 1758; x_wconf 90' lang='lat' dir='ltr'>Si</span> <span class='ocrx_word' id='word_1_189' title='bbox 468 1721 593 1757; x_wconf 83' lang='lat' dir='ltr'>dixero</span> <span class='ocrx_word' id='word_1_190' title='bbox 616 1721 681 1756; x_wconf 85' lang='lat' dir='ltr'>tibi</span> <span class='ocrx_word' id='word_1_191' title='bbox 705 1732 712 1755; x_wconf 88' lang='lat'><strong>:</strong></span> <span class='ocrx_word' id='word_1_192' title='bbox 736 1720 887 1756; x_wconf 81' lang='lat' dir='ltr'>Abstine</span> <span class='ocrx_word' id='word_1_193' title='bbox 910 1724 944 1755; x_wconf 88' lang='lat' dir='ltr'>te</span> 
     </span>
     <span class='ocr_line' id='line_1_35' title="bbox 173 1766 944 1814; baseline -0.006 -8"><span class='ocrx_word' id='word_1_194' title='bbox 173 1782 195 1807; x_wconf 83' lang='lat' dir='ltr'>a</span> <span class='ocrx_word' id='word_1_195' title='bbox 216 1770 370 1808; x_wconf 82' lang='lat' dir='ltr'>deliciis.</span> <span class='ocrx_word' id='word_1_196' title='bbox 394 1773 429 1805; x_wconf 89' lang='lat' dir='ltr'>et</span> <span class='ocrx_word' id='word_1_197' title='bbox 454 1769 607 1814; x_wconf 80' lang='lat' dir='ltr'>jejuna3</span> <span class='ocrx_word' id='word_1_198' title='bbox 631 1779 704 1803; x_wconf 86' lang='lat' dir='ltr'>non</span> <span class='ocrx_word' id='word_1_199' title='bbox 726 1767 829 1810; x_wconf 79' lang='lat' dir='ltr'>sacis,</span> <span class='ocrx_word' id='word_1_200' title='bbox 858 1766 944 1811; x_wconf 80' lang='lat' dir='ltr'>quia</span> 
     </span>
    </p>
   </div>
   <div class='ocr_carea' id='block_1_3' title="bbox 173 1813 981 1862">
    <p class='ocr_par' dir='ltr' id='par_1_3' title="bbox 173 1813 981 1862">
     <span class='ocr_line' id='line_1_36' title="bbox 173 1813 981 1862; baseline -0.006 -9"><span class='ocrx_word' id='word_1_201' title='bbox 173 1829 249 1854; x_wconf 88' lang='lat' dir='ltr'>non</span> <span class='ocrx_word' id='word_1_202' title='bbox 269 1816 403 1853; x_wconf 85' lang='lat' dir='ltr'>credis.</span> <span class='ocrx_word' id='word_1_203' title='bbox 422 1815 456 1851; x_wconf 80' lang='lat' dir='ltr'>si</span> <span class='ocrx_word' id='word_1_204' title='bbox 472 1814 668 1862; x_wconf 69' lang='lat' dir='ltr'>{egrotanti</span> <span class='ocrx_word' id='word_1_205' title='bbox 690 1814 756 1850; x_wconf 90' lang='lat' dir='ltr'>tibi</span> <span class='ocrx_word' id='word_1_206' title='bbox 778 1813 946 1849; x_wconf 81' lang='lat' dir='ltr'>medicus</span> <span class='ocrx_word' id='word_1_207' title='bbox 980 1827 981 1830; x_wconf 47' lang='lat'>¹</span> 
     </span>
    </p>
   </div>
   <div class='ocr_carea' id='block_1_4' title="bbox 173 1860 947 2097">
    <p class='ocr_par' dir='ltr' id='par_1_4' title="bbox 173 1860 947 2097">
     <span class='ocr_line' id='line_1_37' title="bbox 173 1860 945 1905; baseline -0.009 -4"><span class='ocrx_word' id='word_1_208' title='bbox 173 1864 303 1901; x_wconf 85' lang='lat' dir='ltr'>dixerit</span> <span class='ocrx_word' id='word_1_209' title='bbox 325 1875 332 1899; x_wconf 94' lang='lat'>:</span> <span class='ocrx_word' id='word_1_210' title='bbox 354 1865 504 1899; x_wconf 80' lang='lat' dir='ltr'>Abstine</span> <span class='ocrx_word' id='word_1_211' title='bbox 527 1867 562 1898; x_wconf 91' lang='lat' dir='ltr'>te</span> <span class='ocrx_word' id='word_1_212' title='bbox 583 1863 627 1897; x_wconf 72' lang='lat' dir='ltr'>ab</span> <span class='ocrx_word' id='word_1_213' title='bbox 652 1863 747 1905; x_wconf 86' lang='lat' dir='ltr'>hoc;</span> <span class='ocrx_word' id='word_1_214' title='bbox 777 1860 945 1904; x_wconf 68' lang='lat' dir='ltr'>obaudis,</span> 
     </span>
     <span class='ocr_line' id='line_1_38' title="bbox 174 1907 944 1957; baseline -0.008 -8"><span class='ocrx_word' id='word_1_215' title='bbox 174 1912 261 1957; x_wconf 73' lang='lat' dir='ltr'>quia</span> <span class='ocrx_word' id='word_1_216' title='bbox 272 1910 393 1946; x_wconf 88' lang='lat' dir='ltr'>credis</span> <span class='ocrx_word' id='word_1_217' title='bbox 404 1914 438 1946; x_wconf 84' lang='lat' dir='ltr'>te</span> <span class='ocrx_word' id='word_1_218' title='bbox 448 1910 668 1946; x_wconf 75' lang='lat' dir='ltr'>salvandum</span> <span class='ocrx_word' id='word_1_219' title='bbox 681 1909 710 1944; x_wconf 90' lang='lat' dir='ltr'>si</span> <span class='ocrx_word' id='word_1_220' title='bbox 724 1907 944 1944; x_wconf 77' lang='lat' dir='ltr'>servaveris.</span> 
     </span>
     <span class='ocr_line' id='line_1_39' title="bbox 175 1956 947 2004; baseline -0.006 -9"><span class='ocrx_word' id='word_1_221' title='bbox 175 1961 219 1995; x_wconf 92' lang='lat' dir='ltr'>Et</span> <span class='ocrx_word' id='word_1_222' title='bbox 238 1959 454 2004; x_wconf 86' lang='lat' dir='ltr'>frequenter</span> <span class='ocrx_word' id='word_1_223' title='bbox 481 1957 570 1992; x_wconf 91' lang='lat' dir='ltr'>illud</span> <span class='ocrx_word' id='word_1_224' title='bbox 594 1967 697 1991; x_wconf 87' lang='lat' dir='ltr'>amas</span> <span class='ocrx_word' id='word_1_225' title='bbox 719 1956 817 2000; x_wconf 77' lang='lat' dir='ltr'>quoii</span> <span class='ocrx_word' id='word_1_226' title='bbox 843 1965 947 1990; x_wconf 87' lang='lat' dir='ltr'>man-</span> 
     </span>
     <span class='ocr_line' id='line_1_40' title="bbox 174 2002 946 2047; baseline -0.006 -5"><span class='ocrx_word' id='word_1_227' title='bbox 174 2007 312 2042; x_wconf 85' lang='lat' dir='ltr'>ducare</span> <span class='ocrx_word' id='word_1_228' title='bbox 343 2004 494 2047; x_wconf 80' lang='lat' dir='ltr'>vetaris,</span> <span class='ocrx_word' id='word_1_229' title='bbox 518 2007 553 2039; x_wconf 86' lang='lat' dir='ltr'>et</span> <span class='ocrx_word' id='word_1_230' title='bbox 575 2003 690 2038; x_wconf 76' lang='lat' dir='ltr'>vincis</span> <span class='ocrx_word' id='word_1_231' title='bbox 720 2002 946 2038; x_wconf 88' lang='lat' dir='ltr'>desiderium</span> 
     </span>
     <span class='ocr_line' id='line_1_41' title="bbox 178 2049 945 2097; baseline -0.005 -9"><span class='ocrx_word' id='word_1_232' title='bbox 178 2052 332 2093; x_wconf 87' lang='lat' dir='ltr'>ventris,</span> <span class='ocrx_word' id='word_1_233' title='bbox 345 2058 498 2097; x_wconf 86' lang='lat' dir='ltr'>propter</span> <span class='ocrx_word' id='word_1_234' title='bbox 514 2050 738 2086; x_wconf 83' lang='lat' dir='ltr'>desiderium</span> <span class='ocrx_word' id='word_1_235' title='bbox 756 2049 945 2093; x_wconf 75' lang='lat' dir='ltr'>sanitatis3</span> 
     </span>
    </p>
   </div>
   <div class='ocr_carea' id='block_1_5' title="bbox 176 2093 982 2192">
    <p class='ocr_par' dir='ltr' id='par_1_5' title="bbox 176 2093 982 2192">
     <span class='ocr_line' id='line_1_42' title="bbox 176 2093 981 2144; baseline -0.005 -8"><span class='ocrx_word' id='word_1_236' title='bbox 176 2100 292 2136; x_wconf 90' lang='lat' dir='ltr'>multo</span> <span class='ocrx_word' id='word_1_237' title='bbox 314 2100 431 2144; x_wconf 76' lang='lat' dir='ltr'>magis</span> <span class='ocrx_word' id='word_1_238' title='bbox 448 2098 620 2144; x_wconf 87' lang='lat' dir='ltr'>jejunare</span> <span class='ocrx_word' id='word_1_239' title='bbox 642 2101 802 2141; x_wconf 74' lang='lat' dir='ltr'>poteras,</span> <span class='ocrx_word' id='word_1_240' title='bbox 819 2096 848 2131; x_wconf 80' lang='lat' dir='ltr'>si</span> <span class='ocrx_word' id='word_1_241' title='bbox 869 2107 948 2132; x_wconf 89' lang='lat' dir='ltr'>cre-</span> <span class='ocrx_word' id='word_1_242' title='bbox 980 2093 981 2106; x_wconf 64' lang='lat'>¹</span> 
     </span>
     <span class='ocr_line' id='line_1_43' title="bbox 177 2143 982 2192; baseline -0.01 -10"><span class='ocrx_word' id='word_1_243' title='bbox 177 2148 283 2183; x_wconf 88' lang='lat' dir='ltr'>deres</span> <span class='ocrx_word' id='word_1_244' title='bbox 299 2145 571 2192; x_wconf 74' lang='lat' dir='ltr'>Jucunditatem</span> <span class='ocrx_word' id='word_1_245' title='bbox 592 2145 693 2180; x_wconf 87' lang='lat' dir='ltr'>illam</span> <span class='ocrx_word' id='word_1_246' title='bbox 711 2147 874 2180; x_wconf 72' lang='lat' dir='ltr'>suturam</span> <span class='ocrx_word' id='word_1_247' title='bbox 897 2156 904 2180; x_wconf 73' lang='grc' dir='ltr'>ε</span> <span class='ocrx_word' id='word_1_248' title='bbox 928 2157 946 2175; x_wconf 83' lang='grc'>»</span> <span class='ocrx_word' id='word_1_249' title='bbox 981 2143 982 2181; x_wconf 61' lang='grc' dir='ltr'>ξ</span> 
     </span>
    </p>
   </div>
   <div class='ocr_carea' id='block_1_6' title="bbox 174 2192 947 2238">
    <p class='ocr_par' dir='ltr' id='par_1_6' title="bbox 174 2192 947 2238">
     <span class='ocr_line' id='line_1_44' title="bbox 174 2192 947 2238; baseline -0.004 -8"><span class='ocrx_word' id='word_1_250' title='bbox 174 2195 255 2230; x_wconf 84' lang='lat' dir='ltr'>haec</span> <span class='ocrx_word' id='word_1_251' title='bbox 270 2195 555 2237; x_wconf 68' lang='lat' dir='ltr'>chrysostomus.</span> <span class='ocrx_word' id='word_1_252' title='bbox 574 2193 692 2238; x_wconf 85' lang='lat' dir='ltr'>Maj0r</span> <span class='ocrx_word' id='word_1_253' title='bbox 709 2192 947 2228; x_wconf 76' lang='lat' dir='ltr'>insanianon</span> 
     </span>
    </p>
   </div>
   <div class='ocr_carea' id='block_1_7' title="bbox 177 2380 950 2806">
    <p class='ocr_par' dir='ltr' id='par_1_7' title="bbox 177 2380 949 2521">
     <span class='ocr_line' id='line_1_45' title="bbox 177 2380 949 2427; baseline -0.003 -9"><span class='ocrx_word' id='word_1_254' title='bbox 177 2386 325 2426; x_wconf 74' lang='lat' dir='ltr'>stemus,</span> <span class='ocrx_word' id='word_1_255' title='bbox 351 2385 488 2427; x_wconf 84' lang='lat' dir='ltr'>quanto</span> <span class='ocrx_word' id='word_1_256' title='bbox 515 2380 712 2426; x_wconf 60' lang='lat' dir='ltr'>pretiosior</span> <span class='ocrx_word' id='word_1_257' title='bbox 741 2384 794 2417; x_wconf 76' lang='lat' dir='ltr'>est</span> <span class='ocrx_word' id='word_1_258' title='bbox 823 2380 949 2416; x_wconf 83' lang='lat' dir='ltr'>anima</span> 
     </span>
     <span class='ocr_line' id='line_1_46' title="bbox 178 2428 948 2475; baseline -0.001 -11"><span class='ocrx_word' id='word_1_259' title='bbox 178 2439 290 2475; x_wconf 86' lang='lat' dir='ltr'>quarn</span> <span class='ocrx_word' id='word_1_260' title='bbox 309 2439 453 2472; x_wconf 71' lang='lat' dir='ltr'>corpus,</span> <span class='ocrx_word' id='word_1_261' title='bbox 469 2431 571 2464; x_wconf 82' lang='lat' dir='ltr'>tanto</span> <span class='ocrx_word' id='word_1_262' title='bbox 591 2428 842 2464; x_wconf 84' lang='lat' dir='ltr'>miserabilior</span> <span class='ocrx_word' id='word_1_263' title='bbox 861 2438 948 2474; x_wconf 89' lang='lat' dir='ltr'>per-</span> 
     </span>
     <span class='ocr_line' id='line_1_47' title="bbox 178 2475 860 2521; baseline -0.006 -8"><span class='ocrx_word' id='word_1_264' title='bbox 178 2476 269 2513; x_wconf 88' lang='lat' dir='ltr'>ditio</span> <span class='ocrx_word' id='word_1_265' title='bbox 291 2475 500 2511; x_wconf 84' lang='lat' dir='ltr'>animarum</span> <span class='ocrx_word' id='word_1_266' title='bbox 518 2485 628 2520; x_wconf 86' lang='lat' dir='ltr'>quam</span> <span class='ocrx_word' id='word_1_267' title='bbox 649 2486 860 2521; x_wconf 87' lang='lat' dir='ltr'>corporum.</span> 
     </span>
    </p>

    <p class='ocr_par' dir='ltr' id='par_1_8' title="bbox 177 2524 950 2806">
     <span class='ocr_line' id='line_1_48' title="bbox 226 2524 949 2569; baseline -0.001 -10"><span class='ocrx_word' id='word_1_268' title='bbox 226 2539 245 2569; x_wconf 94' lang='lat'><strong>7</strong></span> <span class='ocrx_word' id='word_1_269' title='bbox 276 2524 360 2559; x_wconf 71' lang='lat' dir='ltr'>limo</span> <span class='ocrx_word' id='word_1_270' title='bbox 390 2534 524 2558; x_wconf 60' lang='lat' dir='ltr'>smirnii</span> <span class='ocrx_word' id='word_1_271' title='bbox 555 2534 615 2557; x_wconf 72' lang='lat' dir='ltr'>nsT</span> <span class='ocrx_word' id='word_1_272' title='bbox 644 2534 875 2559; x_wconf 63' lang='lat' dir='ltr'>vmmmnuu.</span> <span class='ocrx_word' id='word_1_273' title='bbox 904 2542 949 2548; x_wconf 96' lang='lat'><strong>—</strong></span> 
     </span>
     <span class='ocr_line' id='line_1_49' title="bbox 178 2570 947 2613; baseline -0.003 -7"><span class='ocrx_word' id='word_1_274' title='bbox 178 2570 320 2607; x_wconf 89' lang='lat' dir='ltr'>Deinde</span> <span class='ocrx_word' id='word_1_275' title='bbox 341 2573 468 2606; x_wconf 83' lang='lat' dir='ltr'>monet</span> <span class='ocrx_word' id='word_1_276' title='bbox 491 2580 634 2613; x_wconf 85' lang='lat' dir='ltr'>omnes,</span> <span class='ocrx_word' id='word_1_277' title='bbox 657 2570 783 2606; x_wconf 89' lang='lat' dir='ltr'>dicens</span> <span class='ocrx_word' id='word_1_278' title='bbox 808 2582 816 2606; x_wconf 90' lang='lat'>:</span> <span class='ocrx_word' id='word_1_279' title='bbox 844 2571 947 2613; x_wconf 71' lang='lat' dir='ltr'>Viqz‘-</span> 
     </span>
     <span class='ocr_line' id='line_1_50' title="bbox 179 2616 950 2663; baseline -0.001 -9"><span class='ocrx_word' id='word_1_280' title='bbox 179 2620 250 2654; x_wconf 78' lang='lat' dir='ltr'>late</span> <span class='ocrx_word' id='word_1_281' title='bbox 275 2620 400 2663; x_wconf 72' lang='lat' dir='ltr'>itaque</span> <span class='ocrx_word' id='word_1_282' title='bbox 422 2618 519 2652; x_wconf 72' lang='lat' dir='ltr'>omni</span> <span class='ocrx_word' id='word_1_283' title='bbox 539 2620 707 2662; x_wconf 80' lang='lat' dir='ltr'>tempore,</span> <span class='ocrx_word' id='word_1_284' title='bbox 731 2628 805 2653; x_wconf 90' lang='lat' dir='ltr'>non</span> <span class='ocrx_word' id='word_1_285' title='bbox 825 2616 950 2663; x_wconf 80' lang='lat' dir='ltr'>vigilia.</span> 
     </span>
     <span class='ocr_line' id='line_1_51' title="bbox 178 2663 948 2709; baseline -0.003 -7"><span class='ocrx_word' id='word_1_286' title='bbox 178 2675 322 2709; x_wconf 89' lang='lat' dir='ltr'>sensus,</span> <span class='ocrx_word' id='word_1_287' title='bbox 345 2664 432 2709; x_wconf 88' lang='lat' dir='ltr'>quia</span> <span class='ocrx_word' id='word_1_288' title='bbox 455 2663 578 2699; x_wconf 91' lang='lat' dir='ltr'>nullus</span> <span class='ocrx_word' id='word_1_289' title='bbox 602 2667 726 2709; x_wconf 72' lang='lat' dir='ltr'>posset</span> <span class='ocrx_word' id='word_1_290' title='bbox 749 2666 817 2700; x_wconf 84' lang='lat' dir='ltr'>boc</span> <span class='ocrx_word' id='word_1_291' title='bbox 838 2664 948 2700; x_wconf 71' lang='lat' dir='ltr'>susti-</span> 
     </span>
     <span class='ocr_line' id='line_1_52' title="bbox 178 2710 948 2758; baseline 0 -10"><span class='ocrx_word' id='word_1_292' title='bbox 178 2724 282 2756; x_wconf 90' lang='lat' dir='ltr'>nere,</span> <span class='ocrx_word' id='word_1_293' title='bbox 304 2712 368 2747; x_wconf 88' lang='lat' dir='ltr'>sed</span> <span class='ocrx_word' id='word_1_294' title='bbox 401 2710 525 2757; x_wconf 82' lang='lat' dir='ltr'>vigilia</span> <span class='ocrx_word' id='word_1_295' title='bbox 555 2711 778 2750; x_wconf 79' lang='lat' dir='ltr'>intellectus.</span> <span class='ocrx_word' id='word_1_296' title='bbox 809 2712 854 2747; x_wconf 89' lang='lat' dir='ltr'>de</span> <span class='ocrx_word' id='word_1_297' title='bbox 876 2723 948 2758; x_wconf 79' lang='lat' dir='ltr'>qua</span> 
     </span>
     <span class='ocr_line' id='line_1_53' title="bbox 177 2758 949 2806; baseline -0.001 -9"><span class='ocrx_word' id='word_1_298' title='bbox 177 2759 216 2796; x_wconf 89' lang='lat' dir='ltr'>in</span> <span class='ocrx_word' id='word_1_299' title='bbox 231 2758 392 2797; x_wconf 86' lang='lat' dir='ltr'>Canticis</span> <span class='ocrx_word' id='word_1_300' title='bbox 407 2758 562 2795; x_wconf 86' lang='lat' dir='ltr'>dicitur:</span> <span class='ocrx_word' id='word_1_301' title='bbox 578 2760 653 2803; x_wconf 75' lang='lat' dir='ltr'>qu</span> <span class='ocrx_word' id='word_1_302' title='bbox 668 2759 819 2806; x_wconf 76' lang='lat' dir='ltr'>dormio,</span> <span class='ocrx_word' id='word_1_303' title='bbox 837 2763 870 2795; x_wconf 78' lang='lat' dir='ltr'>ec</span> <span class='ocrx_word' id='word_1_304' title='bbox 890 2770 949 2796; x_wconf 80' lang='lat' dir='ltr'>cor</span> 
     </span>
    </p>
   </div>
   <div class='ocr_carea' id='block_1_8' title="bbox 980 1647 987 2276">
    <p class='ocr_par' dir='ltr' id='par_1_9' title="bbox 980 1647 987 2276">
     <span class='ocr_line' id='line_1_54' title="bbox 980 1647 987 2276; baseline 0 0"><span class='ocrx_word' id='word_1_305' title='bbox 980 1647 987 2276; x_wconf 95' lang='lat' dir='ltr'> </span> 
     </span>
    </p>
   </div>
   <div class='ocr_carea' id='block_1_9' title="bbox 1009 210 1804 2190">
    <p class='ocr_par' dir='ltr' id='par_1_10' title="bbox 1009 210 1804 2190">
     <span class='ocr_line' id='line_1_55' title="bbox 1009 210 1782 259; baseline 0.005 -14"><span class='ocrx_word' id='word_1_306' title='bbox 1009 221 1125 246; x_wconf 73' lang='lat' dir='ltr'>meum</span> <span class='ocrx_word' id='word_1_307' title='bbox 1135 212 1278 254; x_wconf 70' lang='grc' dir='ltr'>υἰςγίῖαίς</span> <span class='ocrx_word' id='word_1_308' title='bbox 1294 210 1616 257; x_wconf 88' lang='lat' dir='ltr'>etomnitempore</span> <span class='ocrx_word' id='word_1_309' title='bbox 1626 217 1782 259; x_wconf 77' lang='lat' dir='ltr'>orantes,</span> 
     </span>
     <span class='ocr_line' id='line_1_56' title="bbox 1010 258 1782 304; baseline 0.004 -11"><span class='ocrx_word' id='word_1_310' title='bbox 1010 269 1083 293; x_wconf 82' lang='lat' dir='ltr'>non</span> <span class='ocrx_word' id='word_1_311' title='bbox 1100 259 1197 304; x_wconf 68' lang='lat' dir='ltr'>quod</span> <span class='ocrx_word' id='word_1_312' title='bbox 1216 260 1335 293; x_wconf 68' lang='lat' dir='ltr'>oratio</span> <span class='ocrx_word' id='word_1_313' title='bbox 1358 258 1405 293; x_wconf 87' lang='lat' dir='ltr'>sit</span> <span class='ocrx_word' id='word_1_314' title='bbox 1422 269 1569 304; x_wconf 78' lang='lat' dir='ltr'>semper</span> <span class='ocrx_word' id='word_1_315' title='bbox 1588 259 1782 304; x_wconf 81' lang='lat' dir='ltr'>continua,</span> 
     </span>
     <span class='ocr_line' id='line_1_57' title="bbox 1010 305 1783 354; baseline 0.004 -14"><span class='ocrx_word' id='word_1_316' title='bbox 1010 305 1098 350; x_wconf 86' lang='lat' dir='ltr'>quia</span> <span class='ocrx_word' id='word_1_317' title='bbox 1130 309 1276 350; x_wconf 77' lang='lat' dir='ltr'>oportet</span> <span class='ocrx_word' id='word_1_318' title='bbox 1311 316 1393 341; x_wconf 85' lang='lat' dir='ltr'>eam</span> <span class='ocrx_word' id='word_1_319' title='bbox 1431 317 1527 351; x_wconf 70' lang='lat' dir='ltr'>saepe</span> <span class='ocrx_word' id='word_1_320' title='bbox 1562 308 1783 354; x_wconf 85' lang='lat' dir='ltr'>interrumpi</span> 
     </span>
     <span class='ocr_line' id='line_1_58' title="bbox 1009 352 1782 400; baseline 0.004 -13"><span class='ocrx_word' id='word_1_321' title='bbox 1009 352 1291 396; x_wconf 84' lang='lat' dir='ltr'>somno,etaliis</span> <span class='ocrx_word' id='word_1_322' title='bbox 1302 353 1588 390; x_wconf 82' lang='lat' dir='ltr'>necessitatibus</span> <span class='ocrx_word' id='word_1_323' title='bbox 1599 354 1782 400; x_wconf 75' lang='lat' dir='ltr'>corporis,</span> 
     </span>
     <span class='ocr_line' id='line_1_59' title="bbox 1009 399 1784 446; baseline 0.004 -11"><span class='ocrx_word' id='word_1_324' title='bbox 1009 400 1073 435; x_wconf 87' lang='lat' dir='ltr'>sed</span> <span class='ocrx_word' id='word_1_325' title='bbox 1097 399 1324 435; x_wconf 74' lang='lat' dir='ltr'>continuitas</span> <span class='ocrx_word' id='word_1_326' title='bbox 1348 399 1569 445; x_wconf 74' lang='lat' dir='ltr'>intelligitur</span> <span class='ocrx_word' id='word_1_327' title='bbox 1590 403 1687 446; x_wconf 80' lang='lat' dir='ltr'>quod</span> <span class='ocrx_word' id='word_1_328' title='bbox 1710 412 1784 438; x_wconf 88' lang='lat' dir='ltr'>non</span> 
     </span>
     <span class='ocr_line' id='line_1_60' title="bbox 1009 445 1786 494; baseline 0.003 -12"><span class='ocrx_word' id='word_1_329' title='bbox 1009 445 1235 482; x_wconf 83' lang='lat' dir='ltr'>interveniat</span> <span class='ocrx_word' id='word_1_330' title='bbox 1259 447 1415 482; x_wconf 81' lang='lat' dir='ltr'>mortale</span> <span class='ocrx_word' id='word_1_331' title='bbox 1442 452 1635 494; x_wconf 87' lang='lat' dir='ltr'>peccatum</span> <span class='ocrx_word' id='word_1_332' title='bbox 1660 448 1786 494; x_wconf 89' lang='lat' dir='ltr'>impe—</span> 
     </span>
     <span class='ocr_line' id='line_1_61' title="bbox 1010 493 1783 540; baseline 0.003 -10"><span class='ocrx_word' id='word_1_333' title='bbox 1010 493 1117 530; x_wconf 90' lang='lat' dir='ltr'>diens</span> <span class='ocrx_word' id='word_1_334' title='bbox 1132 493 1248 540; x_wconf 86' lang='lat' dir='ltr'>ipsius</span> <span class='ocrx_word' id='word_1_335' title='bbox 1267 494 1441 530; x_wconf 83' lang='lat' dir='ltr'>effectum</span> <span class='ocrx_word' id='word_1_336' title='bbox 1461 497 1496 530; x_wconf 89' lang='lat' dir='ltr'>et</span> <span class='ocrx_word' id='word_1_337' title='bbox 1516 506 1609 540; x_wconf 86' lang='lat' dir='ltr'>opus</span> <span class='ocrx_word' id='word_1_338' title='bbox 1628 497 1783 540; x_wconf 88' lang='lat' dir='ltr'>bonum,</span> 
     </span>
     <span class='ocr_line' id='line_1_62' title="bbox 1011 540 1784 585; baseline 0.003 -8"><span class='ocrx_word' id='word_1_339' title='bbox 1011 544 1048 577; x_wconf 87' lang='lat' dir='ltr'>et</span> <span class='ocrx_word' id='word_1_340' title='bbox 1066 541 1147 577; x_wconf 90' lang='lat' dir='ltr'>ideo</span> <span class='ocrx_word' id='word_1_341' title='bbox 1167 540 1336 576; x_wconf 85' lang='lat' dir='ltr'>subditur</span> <span class='ocrx_word' id='word_1_342' title='bbox 1356 552 1363 576; x_wconf 92' lang='lat'>:</span> <span class='ocrx_word' id='word_1_343' title='bbox 1389 543 1434 577; x_wconf 71' lang='lat' dir='ltr'>Ut</span> <span class='ocrx_word' id='word_1_344' title='bbox 1450 542 1554 585; x_wconf 72' lang='lat' dir='ltr'>diqm&#39;</span> <span class='ocrx_word' id='word_1_345' title='bbox 1575 544 1784 579; x_wconf 77' lang='lat' dir='ltr'>habeamini</span> 
     </span>
     <span class='ocr_line' id='line_1_63' title="bbox 1010 587 1788 634; baseline 0.004 -11"><span class='ocrx_word' id='word_1_346' title='bbox 1010 589 1149 632; x_wconf 72' lang='lat' dir='ltr'>fuqere,</span> <span class='ocrx_word' id='word_1_347' title='bbox 1171 587 1209 623; x_wconf 91' lang='lat' dir='ltr'>id</span> <span class='ocrx_word' id='word_1_348' title='bbox 1233 590 1289 623; x_wconf 90' lang='lat' dir='ltr'>est</span> <span class='ocrx_word' id='word_1_349' title='bbox 1316 598 1447 624; x_wconf 86' lang='lat' dir='ltr'>cavere</span> <span class='ocrx_word' id='word_1_350' title='bbox 1475 589 1691 634; x_wconf 86' lang='lat' dir='ltr'>salubriter,</span> <span class='ocrx_word' id='word_1_351' title='bbox 1714 592 1788 626; x_wconf 78' lang='lat' dir='ltr'>ista</span> 
     </span>
     <span class='ocr_line' id='line_1_64' title="bbox 1013 636 1786 680; baseline 0.004 -10"><span class='ocrx_word' id='word_1_352' title='bbox 1013 637 1146 679; x_wconf 71' lang='lat' dir='ltr'>omnia,</span> <span class='ocrx_word' id='word_1_353' title='bbox 1176 645 1255 680; x_wconf 60' lang='grc' dir='ltr'>(μεθ’</span> <span class='ocrx_word' id='word_1_354' title='bbox 1279 636 1410 677; x_wconf 72' lang='lat' dir='ltr'>futura</span> <span class='ocrx_word' id='word_1_355' title='bbox 1435 639 1532 679; x_wconf 77' lang='lat' dir='ltr'>sunt,</span> <span class='ocrx_word' id='word_1_356' title='bbox 1555 640 1588 672; x_wconf 81' lang='lat' dir='ltr'>et</span> <span class='ocrx_word' id='word_1_357' title='bbox 1613 640 1710 672; x_wconf 79' lang='lat' dir='ltr'>stare</span> <span class='ocrx_word' id='word_1_358' title='bbox 1732 648 1786 674; x_wconf 89' lang='lat' dir='ltr'>se-</span> 
     </span>
     <span class='ocr_line' id='line_1_65' title="bbox 1014 680 1785 729; baseline 0.004 -12"><span class='ocrx_word' id='word_1_359' title='bbox 1014 682 1092 718; x_wconf 90' lang='lat' dir='ltr'>curi</span> <span class='ocrx_word' id='word_1_360' title='bbox 1118 682 1156 718; x_wconf 88' lang='lat' dir='ltr'>in</span> <span class='ocrx_word' id='word_1_361' title='bbox 1179 680 1321 727; x_wconf 78' lang='lat' dir='ltr'>judicio</span> <span class='ocrx_word' id='word_1_362' title='bbox 1342 685 1425 717; x_wconf 75' lang='lat' dir='ltr'>ante</span> <span class='ocrx_word' id='word_1_363' title='bbox 1450 684 1584 719; x_wconf 73' lang='lat' dir='ltr'>Filium</span> <span class='ocrx_word' id='word_1_364' title='bbox 1616 685 1785 729; x_wconf 77' lang='lat' dir='ltr'>hominis,</span> 
     </span>
     <span class='ocr_line' id='line_1_66' title="bbox 1015 728 1790 775; baseline 0.003 -10"><span class='ocrx_word' id='word_1_365' title='bbox 1015 728 1179 765; x_wconf 84' lang='lat' dir='ltr'>sedentis</span> <span class='ocrx_word' id='word_1_366' title='bbox 1196 728 1337 764; x_wconf 85' lang='lat' dir='ltr'>scilicet</span> <span class='ocrx_word' id='word_1_367' title='bbox 1351 729 1397 764; x_wconf 89' lang='lat' dir='ltr'>ad</span> <span class='ocrx_word' id='word_1_368' title='bbox 1409 729 1668 775; x_wconf 85' lang='lat' dir='ltr'>judicandum,</span> <span class='ocrx_word' id='word_1_369' title='bbox 1681 731 1719 767; x_wconf 93' lang='lat' dir='ltr'>id</span> <span class='ocrx_word' id='word_1_370' title='bbox 1733 735 1790 767; x_wconf 90' lang='lat' dir='ltr'>est</span> 
     </span>
     <span class='ocr_line' id='line_1_67' title="bbox 1018 775 1790 824; baseline 0.003 -12"><span class='ocrx_word' id='word_1_371' title='bbox 1018 786 1145 812; x_wconf 87' lang='lat' dir='ltr'>coram</span> <span class='ocrx_word' id='word_1_372' title='bbox 1163 775 1309 812; x_wconf 88' lang='lat' dir='ltr'>Christo</span> <span class='ocrx_word' id='word_1_373' title='bbox 1324 775 1360 811; x_wconf 93' lang='lat' dir='ltr'>in</span> <span class='ocrx_word' id='word_1_374' title='bbox 1378 776 1498 812; x_wconf 78' lang='lat' dir='ltr'>forma</span> <span class='ocrx_word' id='word_1_375' title='bbox 1511 777 1678 814; x_wconf 84' lang='lat' dir='ltr'>humana</span> <span class='ocrx_word' id='word_1_376' title='bbox 1691 778 1790 824; x_wconf 85' lang='lat' dir='ltr'>judi-</span> 
     </span>
     <span class='ocr_line' id='line_1_68' title="bbox 1017 822 1790 868; baseline 0.003 -9"><span class='ocrx_word' id='word_1_377' title='bbox 1017 827 1138 867; x_wconf 89' lang='lat' dir='ltr'>cante,</span> <span class='ocrx_word' id='word_1_378' title='bbox 1161 825 1248 868; x_wconf 84' lang='lat' dir='ltr'>quia</span> <span class='ocrx_word' id='word_1_379' title='bbox 1270 822 1323 858; x_wconf 91' lang='lat' dir='ltr'>illi</span> <span class='ocrx_word' id='word_1_380' title='bbox 1351 823 1412 868; x_wconf 91' lang='lat' dir='ltr'>qui</span> <span class='ocrx_word' id='word_1_381' title='bbox 1438 829 1526 859; x_wconf 90' lang='lat' dir='ltr'>tunc</span> <span class='ocrx_word' id='word_1_382' title='bbox 1551 823 1790 861; x_wconf 89' lang='lat' dir='ltr'>invenientur</span> 
     </span>
     <span class='ocr_line' id='line_1_69' title="bbox 1017 870 1790 917; baseline 0.003 -11"><span class='ocrx_word' id='word_1_383' title='bbox 1017 871 1097 907; x_wconf 89' lang='lat' dir='ltr'>sine</span> <span class='ocrx_word' id='word_1_384' title='bbox 1112 874 1264 917; x_wconf 65' lang='lat' dir='ltr'>peni-ato</span> <span class='ocrx_word' id='word_1_385' title='bbox 1282 870 1442 913; x_wconf 82' lang='lat' dir='ltr'>mortali,</span> <span class='ocrx_word' id='word_1_386' title='bbox 1457 874 1566 906; x_wconf 87' lang='lat' dir='ltr'>erunt</span> <span class='ocrx_word' id='word_1_387' title='bbox 1581 871 1685 908; x_wconf 89' lang='lat' dir='ltr'>salvi.</span> <span class='ocrx_word' id='word_1_388' title='bbox 1704 874 1790 908; x_wconf 83' lang='lat' dir='ltr'>Haec</span> 
     </span>
     <span class='ocr_line' id='line_1_70' title="bbox 1018 918 1791 963; baseline 0.004 -10"><span class='ocrx_word' id='word_1_389' title='bbox 1018 922 1073 954; x_wconf 87' lang='lat' dir='ltr'>est</span> <span class='ocrx_word' id='word_1_390' title='bbox 1106 921 1230 953; x_wconf 84' lang='lat' dir='ltr'>autem</span> <span class='ocrx_word' id='word_1_391' title='bbox 1267 927 1412 953; x_wconf 86' lang='lat' dir='ltr'>summa</span> <span class='ocrx_word' id='word_1_392' title='bbox 1450 918 1712 963; x_wconf 81' lang='lat' dir='ltr'>beatitudinis,</span> <span class='ocrx_word' id='word_1_393' title='bbox 1750 922 1791 956; x_wconf 84' lang='lat' dir='ltr'>ut</span> 
     </span>
     <span class='ocr_line' id='line_1_71' title="bbox 1017 964 1790 1011; baseline 0.004 -11"><span class='ocrx_word' id='word_1_394' title='bbox 1017 965 1106 1000; x_wconf 83' lang='lat' dir='ltr'>dicit</span> <span class='ocrx_word' id='word_1_395' title='bbox 1127 966 1266 1008; x_wconf 75' lang='lat' dir='ltr'>Glossa,</span> <span class='ocrx_word' id='word_1_396' title='bbox 1290 964 1429 1000; x_wconf 86' lang='lat' dir='ltr'>scilicet</span> <span class='ocrx_word' id='word_1_397' title='bbox 1447 964 1485 1000; x_wconf 93' lang='lat' dir='ltr'>in</span> <span class='ocrx_word' id='word_1_398' title='bbox 1507 965 1703 1011; x_wconf 67' lang='lat' dir='ltr'>praesentia</span> <span class='ocrx_word' id='word_1_399' title='bbox 1723 968 1790 1003; x_wconf 87' lang='lat' dir='ltr'>Ju-</span> 
     </span>
     <span class='ocr_line' id='line_1_72' title="bbox 1018 1012 1791 1049; baseline 0.001 -1"><span class='ocrx_word' id='word_1_400' title='bbox 1018 1012 1110 1048; x_wconf 81' lang='lat' dir='ltr'>dicis</span> <span class='ocrx_word' id='word_1_401' title='bbox 1130 1022 1303 1048; x_wconf 90' lang='lat' dir='ltr'>securum</span> <span class='ocrx_word' id='word_1_402' title='bbox 1324 1012 1539 1048; x_wconf 85' lang='lat' dir='ltr'>consistere.</span> <span class='ocrx_word' id='word_1_403' title='bbox 1564 1013 1648 1048; x_wconf 90' lang='lat' dir='ltr'>Mali</span> <span class='ocrx_word' id='word_1_404' title='bbox 1667 1017 1791 1049; x_wconf 88' lang='lat' dir='ltr'>autem</span> 
     </span>
     <span class='ocr_line' id='line_1_73' title="bbox 1019 1060 1804 1107; baseline 0.001 -12"><span class='ocrx_word' id='word_1_405' title='bbox 1019 1060 1153 1095; x_wconf 82' lang='lat' dir='ltr'>cadent</span> <span class='ocrx_word' id='word_1_406' title='bbox 1186 1064 1271 1095; x_wconf 86' lang='lat' dir='ltr'>ante</span> <span class='ocrx_word' id='word_1_407' title='bbox 1300 1070 1400 1103; x_wconf 90' lang='lat' dir='ltr'>eum,</span> <span class='ocrx_word' id='word_1_408' title='bbox 1422 1060 1472 1095; x_wconf 83' lang='lat' dir='ltr'>ita</span> <span class='ocrx_word' id='word_1_409' title='bbox 1499 1060 1596 1106; x_wconf 84' lang='lat' dir='ltr'>quod</span> <span class='ocrx_word' id='word_1_410' title='bbox 1631 1060 1804 1107; x_wconf 77' lang='lat' dir='ltr'>amplius,</span> 
     </span>
     <span class='ocr_line' id='line_1_74' title="bbox 1021 1106 1792 1153; baseline 0.001 -11"><span class='ocrx_word' id='word_1_411' title='bbox 1021 1118 1097 1142; x_wconf 90' lang='lat' dir='ltr'>non</span> <span class='ocrx_word' id='word_1_412' title='bbox 1128 1110 1336 1151; x_wconf 63' lang='lat' dir='ltr'>re&lt;urgent,</span> <span class='ocrx_word' id='word_1_413' title='bbox 1370 1106 1460 1152; x_wconf 89' lang='lat' dir='ltr'>quia</span> <span class='ocrx_word' id='word_1_414' title='bbox 1487 1118 1634 1152; x_wconf 82' lang='lat' dir='ltr'>poenam</span> <span class='ocrx_word' id='word_1_415' title='bbox 1665 1118 1792 1153; x_wconf 87' lang='lat' dir='ltr'>quam-</span> 
     </span>
     <span class='ocr_line' id='line_1_75' title="bbox 1020 1154 1792 1200; baseline 0.004 -12"><span class='ocrx_word' id='word_1_416' title='bbox 1020 1154 1110 1189; x_wconf 91' lang='lat' dir='ltr'>libet</span> <span class='ocrx_word' id='word_1_417' title='bbox 1137 1154 1289 1189; x_wconf 84' lang='lat' dir='ltr'>mallent</span> <span class='ocrx_word' id='word_1_418' title='bbox 1313 1154 1511 1199; x_wconf 88' lang='lat' dir='ltr'>sustinere,</span> <span class='ocrx_word' id='word_1_419' title='bbox 1532 1166 1643 1200; x_wconf 82' lang='lat' dir='ltr'>quam</span> <span class='ocrx_word' id='word_1_420' title='bbox 1669 1156 1792 1198; x_wconf 84' lang='lat' dir='ltr'>ipsum</span> 
     </span>
     <span class='ocr_line' id='line_1_76' title="bbox 1022 1201 1793 1245; baseline 0.003 -10"><span class='ocrx_word' id='word_1_421' title='bbox 1022 1201 1158 1236; x_wconf 77' lang='lat' dir='ltr'>videre.</span> <span class='ocrx_word' id='word_1_422' title='bbox 1180 1201 1246 1237; x_wconf 89' lang='lat' dir='ltr'>Ubi</span> <span class='ocrx_word' id='word_1_423' title='bbox 1262 1202 1490 1245; x_wconf 47' lang='lat' dir='ltr'>[ludas-tenus</span> <span class='ocrx_word' id='word_1_424' title='bbox 1512 1214 1521 1236; x_wconf 88' lang='lat'>:</span> <span class='ocrx_word' id='word_1_425' title='bbox 1544 1216 1562 1234; x_wconf 87' lang='lat'>«</span> <span class='ocrx_word' id='word_1_426' title='bbox 1584 1204 1669 1238; x_wconf 81' lang='lat' dir='ltr'>Haec</span> <span class='ocrx_word' id='word_1_427' title='bbox 1688 1202 1793 1238; x_wconf 90' lang='lat' dir='ltr'>intel·</span> 
     </span>
     <span class='ocr_line' id='line_1_77' title="bbox 1020 1247 1791 1294; baseline 0.001 -11"><span class='ocrx_word' id='word_1_428' title='bbox 1020 1248 1147 1293; x_wconf 80' lang='lat' dir='ltr'>ligitur</span> <span class='ocrx_word' id='word_1_429' title='bbox 1166 1247 1230 1284; x_wconf 91' lang='lat' dir='ltr'>illa</span> <span class='ocrx_word' id='word_1_430' title='bbox 1254 1249 1351 1293; x_wconf 79' lang='lat' dir='ltr'>fuga,</span> <span class='ocrx_word' id='word_1_431' title='bbox 1375 1259 1457 1294; x_wconf 78' lang='lat' dir='ltr'>quae</span> <span class='ocrx_word' id='word_1_432' title='bbox 1483 1259 1555 1284; x_wconf 94' lang='lat' dir='ltr'>non</span> <span class='ocrx_word' id='word_1_433' title='bbox 1579 1249 1689 1285; x_wconf 87' lang='lat' dir='ltr'>debet</span> <span class='ocrx_word' id='word_1_434' title='bbox 1711 1248 1791 1284; x_wconf 78' lang='lat' dir='ltr'>fieri</span> 
     </span>
     <span class='ocr_line' id='line_1_78' title="bbox 1020 1294 1793 1333; baseline 0.001 -2"><span class='ocrx_word' id='word_1_435' title='bbox 1020 1295 1059 1331; x_wconf 90' lang='lat' dir='ltr'>in</span> <span class='ocrx_word' id='word_1_436' title='bbox 1081 1294 1213 1333; x_wconf 79' lang='lat' dir='ltr'>bieme,</span> <span class='ocrx_word' id='word_1_437' title='bbox 1233 1295 1290 1330; x_wconf 80' lang='lat' dir='ltr'>vel</span> <span class='ocrx_word' id='word_1_438' title='bbox 1312 1295 1349 1331; x_wconf 91' lang='lat' dir='ltr'>iu</span> <span class='ocrx_word' id='word_1_439' title='bbox 1369 1297 1538 1332; x_wconf 73' lang='lat' dir='ltr'>sabbato.</span> <span class='ocrx_word' id='word_1_440' title='bbox 1560 1297 1613 1331; x_wconf 89' lang='lat' dir='ltr'>Ad</span> <span class='ocrx_word' id='word_1_441' title='bbox 1631 1296 1793 1332; x_wconf 88' lang='lat' dir='ltr'>hiemem</span> 
     </span>
     <span class='ocr_line' id='line_1_79' title="bbox 1020 1342 1792 1389; baseline 0.003 -12"><span class='ocrx_word' id='word_1_442' title='bbox 1020 1342 1207 1389; x_wconf 90' lang='lat' dir='ltr'>pertinent</span> <span class='ocrx_word' id='word_1_443' title='bbox 1221 1353 1320 1378; x_wconf 82' lang='lat' dir='ltr'>curae</span> <span class='ocrx_word' id='word_1_444' title='bbox 1333 1343 1444 1389; x_wconf 81' lang='lat' dir='ltr'>huJus</span> <span class='ocrx_word' id='word_1_445' title='bbox 1458 1345 1558 1386; x_wconf 63' lang='lat' dir='ltr'>vitae,</span> <span class='ocrx_word' id='word_1_446' title='bbox 1569 1354 1652 1388; x_wconf 81' lang='lat' dir='ltr'>quae</span> <span class='ocrx_word' id='word_1_447' title='bbox 1667 1342 1792 1379; x_wconf 87' lang='lat' dir='ltr'>tristes</span> 
     </span>
     <span class='ocr_line' id='line_1_80' title="bbox 1022 1390 1792 1433; baseline 0 -7"><span class='ocrx_word' id='word_1_448' title='bbox 1022 1395 1109 1426; x_wconf 91' lang='lat' dir='ltr'>sunt</span> <span class='ocrx_word' id='word_1_449' title='bbox 1129 1390 1228 1425; x_wconf 84' lang='lat' dir='ltr'>velut</span> <span class='ocrx_word' id='word_1_450' title='bbox 1254 1390 1393 1433; x_wconf 90' lang='lat' dir='ltr'>hiems;</span> <span class='ocrx_word' id='word_1_451' title='bbox 1416 1390 1463 1425; x_wconf 87' lang='lat' dir='ltr'>ad</span> <span class='ocrx_word' id='word_1_452' title='bbox 1485 1391 1682 1426; x_wconf 84' lang='lat' dir='ltr'>sabbatum</span> <span class='ocrx_word' id='word_1_453' title='bbox 1705 1401 1792 1426; x_wconf 89' lang='lat' dir='ltr'>vero</span> 
     </span>
     <span class='ocr_line' id='line_1_81' title="bbox 1021 1436 1792 1483; baseline 0 -10"><span class='ocrx_word' id='word_1_454' title='bbox 1021 1437 1175 1482; x_wconf 85' lang='lat' dir='ltr'>crapula</span> <span class='ocrx_word' id='word_1_455' title='bbox 1191 1441 1226 1472; x_wconf 89' lang='lat' dir='ltr'>et</span> <span class='ocrx_word' id='word_1_456' title='bbox 1247 1437 1421 1481; x_wconf 84' lang='lat' dir='ltr'>ebrietas,</span> <span class='ocrx_word' id='word_1_457' title='bbox 1439 1448 1520 1483; x_wconf 80' lang='lat' dir='ltr'>quae</span> <span class='ocrx_word' id='word_1_458' title='bbox 1542 1437 1679 1473; x_wconf 89' lang='lat' dir='ltr'>carnali</span> <span class='ocrx_word' id='word_1_459' title='bbox 1702 1436 1792 1473; x_wconf 84' lang='lat' dir='ltr'>laeti-</span> 
     </span>
     <span class='ocr_line' id='line_1_82' title="bbox 1020 1484 1792 1531; baseline 0 -11"><span class='ocrx_word' id='word_1_460' title='bbox 1020 1485 1071 1520; x_wconf 74' lang='lat' dir='ltr'>tia</span> <span class='ocrx_word' id='word_1_461' title='bbox 1092 1484 1310 1529; x_wconf 79' lang='lat' dir='ltr'>luxuriaque</span> <span class='ocrx_word' id='word_1_462' title='bbox 1331 1496 1394 1520; x_wconf 90' lang='lat' dir='ltr'>cor</span> <span class='ocrx_word' id='word_1_463' title='bbox 1415 1486 1661 1531; x_wconf 82' lang='lat' dir='ltr'>submergunt</span> <span class='ocrx_word' id='word_1_464' title='bbox 1679 1488 1792 1529; x_wconf 85' lang='lat' dir='ltr'>atque</span> 
     </span>
     <span class='ocr_line' id='line_1_83' title="bbox 1021 1532 1792 1577; baseline 0 -10"><span class='ocrx_word' id='word_1_465' title='bbox 1021 1532 1198 1573; x_wconf 89' lang='lat' dir='ltr'>obruunt,</span> <span class='ocrx_word' id='word_1_466' title='bbox 1213 1532 1311 1577; x_wconf 86' lang='lat' dir='ltr'>quod</span> <span class='ocrx_word' id='word_1_467' title='bbox 1327 1533 1464 1567; x_wconf 89' lang='lat' dir='ltr'>malum</span> <span class='ocrx_word' id='word_1_468' title='bbox 1480 1532 1624 1568; x_wconf 85' lang='lat' dir='ltr'>sabbati</span> <span class='ocrx_word' id='word_1_469' title='bbox 1642 1532 1792 1567; x_wconf 89' lang='lat' dir='ltr'>nomine</span> 
     </span>
     <span class='ocr_line' id='line_1_84' title="bbox 1020 1577 1791 1624; baseline -0.001 -10"><span class='ocrx_word' id='word_1_470' title='bbox 1020 1578 1203 1622; x_wconf 61' lang='lat' dir='ltr'>signatur,</span> <span class='ocrx_word' id='word_1_471' title='bbox 1224 1577 1313 1624; x_wconf 87' lang='lat' dir='ltr'>quia</span> <span class='ocrx_word' id='word_1_472' title='bbox 1338 1578 1400 1614; x_wconf 92' lang='lat' dir='ltr'>illo</span> <span class='ocrx_word' id='word_1_473' title='bbox 1428 1579 1487 1614; x_wconf 91' lang='lat' dir='ltr'>die</span> <span class='ocrx_word' id='word_1_474' title='bbox 1507 1578 1627 1615; x_wconf 77' lang='lat' dir='ltr'>Judaei</span> <span class='ocrx_word' id='word_1_475' title='bbox 1650 1578 1791 1614; x_wconf 91' lang='lat' dir='ltr'>deliciis</span> 
     </span>
     <span class='ocr_line' id='line_1_85' title="bbox 1020 1626 1793 1672; baseline -0.001 -10"><span class='ocrx_word' id='word_1_476' title='bbox 1020 1626 1197 1668; x_wconf 66' lang='lat' dir='ltr'>affluunt,</span> <span class='ocrx_word' id='word_1_477' title='bbox 1238 1627 1325 1661; x_wconf 84' lang='lat' dir='ltr'>dum</span> <span class='ocrx_word' id='word_1_478' title='bbox 1366 1626 1557 1672; x_wconf 86' lang='lat' dir='ltr'>spirituale</span> <span class='ocrx_word' id='word_1_479' title='bbox 1595 1627 1793 1663; x_wconf 87' lang='lat' dir='ltr'>sabbatum</span> 
     </span>
     <span class='ocr_line' id='line_1_86' title="bbox 1020 1673 1792 1718; baseline 0 -10"><span class='ocrx_word' id='word_1_480' title='bbox 1020 1673 1206 1715; x_wconf 55' lang='lat' dir='ltr'>ignorant.</span> <span class='ocrx_word' id='word_1_481' title='bbox 1220 1686 1237 1704; x_wconf 93' lang='lat'>»</span> <span class='ocrx_word' id='word_1_482' title='bbox 1254 1674 1295 1707; x_wconf 87' lang='lat' dir='ltr'>Et</span> <span class='ocrx_word' id='word_1_483' title='bbox 1307 1674 1509 1709; x_wconf 82' lang='lat' dir='ltr'>secundum</span> <span class='ocrx_word' id='word_1_484' title='bbox 1523 1675 1792 1718; x_wconf 73' lang='lat' dir='ltr'>Hieronymum,</span> 
     </span>
     <span class='ocr_line' id='line_1_87' title="bbox 1022 1719 1794 1767; baseline 0 -12"><span class='ocrx_word' id='word_1_485' title='bbox 1022 1719 1122 1755; x_wconf 92' lang='lat' dir='ltr'>omni</span> <span class='ocrx_word' id='word_1_486' title='bbox 1144 1723 1311 1762; x_wconf 81' lang='lat' dir='ltr'>tempore</span> <span class='ocrx_word' id='word_1_487' title='bbox 1329 1731 1421 1766; x_wconf 91' lang='lat' dir='ltr'>opus</span> <span class='ocrx_word' id='word_1_488' title='bbox 1440 1724 1492 1756; x_wconf 77' lang='lat' dir='ltr'>est</span> <span class='ocrx_word' id='word_1_489' title='bbox 1513 1720 1639 1767; x_wconf 76' lang='lat' dir='ltr'>vigilia</span> <span class='ocrx_word' id='word_1_490' title='bbox 1658 1719 1794 1755; x_wconf 86' lang='lat' dir='ltr'>mentis</span> 
     </span>
     <span class='ocr_line' id='line_1_88' title="bbox 1022 1767 1795 1813; baseline 0.001 -12"><span class='ocrx_word' id='word_1_491' title='bbox 1022 1771 1106 1802; x_wconf 81' lang='lat' dir='ltr'>ante</span> <span class='ocrx_word' id='word_1_492' title='bbox 1125 1771 1283 1803; x_wconf 71' lang='lat' dir='ltr'>mortem</span> <span class='ocrx_word' id='word_1_493' title='bbox 1306 1767 1486 1813; x_wconf 82' lang='lat' dir='ltr'>corporiS,</span> <span class='ocrx_word' id='word_1_494' title='bbox 1510 1772 1547 1803; x_wconf 92' lang='lat' dir='ltr'>ut</span> <span class='ocrx_word' id='word_1_495' title='bbox 1568 1767 1604 1803; x_wconf 88' lang='lat' dir='ltr'>in</span> <span class='ocrx_word' id='word_1_496' title='bbox 1630 1778 1795 1813; x_wconf 84' lang='lat' dir='ltr'>praesen-</span> 
     </span>
     <span class='ocr_line' id='line_1_89' title="bbox 1021 1814 1794 1851; baseline 0 -1"><span class='ocrx_word' id='word_1_497' title='bbox 1021 1814 1073 1850; x_wconf 82' lang='lat' dir='ltr'>tia</span> <span class='ocrx_word' id='word_1_498' title='bbox 1100 1814 1233 1850; x_wconf 90' lang='lat' dir='ltr'>summi</span> <span class='ocrx_word' id='word_1_499' title='bbox 1259 1814 1400 1850; x_wconf 87' lang='lat' dir='ltr'>Judicis</span> <span class='ocrx_word' id='word_1_500' title='bbox 1427 1814 1687 1851; x_wconf 66' lang='lat' dir='ltr'>consistamus.</span> <span class='ocrx_word' id='word_1_501' title='bbox 1717 1816 1794 1850; x_wconf 91' lang='lat' dir='ltr'>Hoc</span> 
     </span>
     <span class='ocr_line' id='line_1_90' title="bbox 1023 1861 1791 1898; baseline -0.001 -1"><span class='ocrx_word' id='word_1_502' title='bbox 1023 1861 1120 1898; x_wconf 85' lang='lat' dir='ltr'>eni-n</span> <span class='ocrx_word' id='word_1_503' title='bbox 1144 1865 1199 1896; x_wconf 90' lang='lat' dir='ltr'>est</span> <span class='ocrx_word' id='word_1_504' title='bbox 1219 1865 1348 1897; x_wconf 88' lang='lat' dir='ltr'>nostra</span> <span class='ocrx_word' id='word_1_505' title='bbox 1366 1862 1571 1898; x_wconf 88' lang='lat' dir='ltr'>beatitudo.</span> <span class='ocrx_word' id='word_1_506' title='bbox 1588 1861 1655 1898; x_wconf 90' lang='lat' dir='ltr'>Ubi</span> <span class='ocrx_word' id='word_1_507' title='bbox 1672 1862 1791 1897; x_wconf 84' lang='lat' dir='ltr'>Beda:</span> 
     </span>
     <span class='ocr_line' id='line_1_91' title="bbox 1025 1907 1792 1952; baseline 0.003 -10"><span class='ocrx_word' id='word_1_508' title='bbox 1025 1923 1043 1942; x_wconf 91' lang='lat'>«</span> <span class='ocrx_word' id='word_1_509' title='bbox 1065 1908 1131 1952; x_wconf 89' lang='lat' dir='ltr'>Qui</span> <span class='ocrx_word' id='word_1_510' title='bbox 1153 1912 1238 1944; x_wconf 86' lang='lat' dir='ltr'>ante</span> <span class='ocrx_word' id='word_1_511' title='bbox 1265 1908 1397 1945; x_wconf 83' lang='lat' dir='ltr'>Filium</span> <span class='ocrx_word' id='word_1_512' title='bbox 1423 1909 1586 1945; x_wconf 90' lang='lat' dir='ltr'>hominis</span> <span class='ocrx_word' id='word_1_513' title='bbox 1606 1914 1719 1952; x_wconf 87' lang='lat' dir='ltr'>stare,</span> <span class='ocrx_word' id='word_1_514' title='bbox 1739 1907 1792 1944; x_wconf 87' lang='lat' dir='ltr'>ei-</span> 
     </span>
     <span class='ocr_line' id='line_1_92' title="bbox 1023 1954 1794 2002; baseline -0.001 -11"><span class='ocrx_word' id='word_1_515' title='bbox 1023 1967 1107 2001; x_wconf 91' lang='lat' dir='ltr'>que,</span> <span class='ocrx_word' id='word_1_516' title='bbox 1129 1956 1233 2001; x_wconf 80' lang='lat' dir='ltr'>juxta</span> <span class='ocrx_word' id='word_1_517' title='bbox 1257 1958 1515 2002; x_wconf 71' lang='lat' dir='ltr'>Apocalypsin]</span> <span class='ocrx_word' id='word_1_518' title='bbox 1540 1955 1710 1999; x_wconf 87' lang='lat' dir='ltr'>Joannis,</span> <span class='ocrx_word' id='word_1_519' title='bbox 1733 1954 1794 1991; x_wconf 88' lang='lat' dir='ltr'>die</span> 
     </span>
     <span class='ocr_line' id='line_1_93' title="bbox 1023 2001 1794 2049; baseline 0 -11"><span class='ocrx_word' id='word_1_520' title='bbox 1023 2007 1210 2048; x_wconf 89' lang='lat' dir='ltr'>noctuque</span> <span class='ocrx_word' id='word_1_521' title='bbox 1230 2002 1267 2038; x_wconf 92' lang='lat' dir='ltr'>in</span> <span class='ocrx_word' id='word_1_522' title='bbox 1288 2004 1426 2049; x_wconf 88' lang='lat' dir='ltr'>templo</span> <span class='ocrx_word' id='word_1_523' title='bbox 1445 2004 1524 2048; x_wconf 86' lang='lat' dir='ltr'>ejus</span> <span class='ocrx_word' id='word_1_524' title='bbox 1542 2003 1681 2039; x_wconf 89' lang='lat' dir='ltr'>servire</span> <span class='ocrx_word' id='word_1_525' title='bbox 1700 2001 1794 2038; x_wconf 89' lang='lat' dir='ltr'>desi-</span> 
     </span>
     <span class='ocr_line' id='line_1_94' title="bbox 1023 2049 1795 2096; baseline -0.001 -10"><span class='ocrx_word' id='word_1_526' title='bbox 1023 2051 1140 2094; x_wconf 89' lang='lat' dir='ltr'>derat,</span> <span class='ocrx_word' id='word_1_527' title='bbox 1155 2060 1222 2085; x_wconf 89' lang='lat' dir='ltr'>nec</span> <span class='ocrx_word' id='word_1_528' title='bbox 1233 2051 1279 2085; x_wconf 88' lang='lat' dir='ltr'>ab</span> <span class='ocrx_word' id='word_1_529' title='bbox 1293 2051 1372 2095; x_wconf 86' lang='lat' dir='ltr'>ejus</span> <span class='ocrx_word' id='word_1_530' title='bbox 1387 2050 1600 2096; x_wconf 85' lang='lat' dir='ltr'>aspectibus</span> <span class='ocrx_word' id='word_1_531' title='bbox 1612 2050 1651 2085; x_wconf 92' lang='lat' dir='ltr'>in</span> <span class='ocrx_word' id='word_1_532' title='bbox 1667 2049 1795 2095; x_wconf 85' lang='lat' dir='ltr'>ignem</span> 
     </span>
     <span class='ocr_line' id='line_1_95' title="bbox 1023 2097 1795 2142; baseline 0 -10"><span class='ocrx_word' id='word_1_533' title='bbox 1023 2102 1203 2133; x_wconf 63' lang='lat' dir='ltr'>aeternum</span> <span class='ocrx_word' id='word_1_534' title='bbox 1231 2098 1451 2133; x_wconf 87' lang='lat' dir='ltr'>maledictus</span> <span class='ocrx_word' id='word_1_535' title='bbox 1477 2097 1608 2142; x_wconf 82' lang='lat' dir='ltr'>abjici3</span> <span class='ocrx_word' id='word_1_536' title='bbox 1637 2108 1712 2133; x_wconf 89' lang='lat' dir='ltr'>non</span> <span class='ocrx_word' id='word_1_537' title='bbox 1738 2107 1795 2132; x_wconf 87' lang='lat' dir='ltr'>so-</span> 
     </span>
     <span class='ocr_line' id='line_1_96' title="bbox 1022 2143 1793 2190; baseline -0.003 -10"><span class='ocrx_word' id='word_1_538' title='bbox 1022 2145 1097 2180; x_wconf 92' lang='lat' dir='ltr'>lum</span> <span class='ocrx_word' id='word_1_539' title='bbox 1108 2144 1350 2180; x_wconf 86' lang='lat' dir='ltr'>abillecebris</span> <span class='ocrx_word' id='word_1_540' title='bbox 1361 2143 1793 2190; x_wconf 78' lang='lat' dir='ltr'>secularibuscastigari,</span> 
     </span>
    </p>
   </div>
   <div class='ocr_carea' id='block_1_10' title="bbox 177 2191 1793 2377">
    <p class='ocr_par' dir='ltr' id='par_1_11' title="bbox 177 2191 1793 2377">
     <span class='ocr_line' id='line_1_97' title="bbox 983 2191 1793 2241; baseline -0.002 -13"><span class='ocrx_word' id='word_1_541' title='bbox 983 2229 984 2241; x_wconf 15' lang='grc' dir='ltr'><strong>χ</strong></span> <span class='ocrx_word' id='word_1_542' title='bbox 1024 2192 1089 2228; x_wconf 88' lang='lat' dir='ltr'>sed</span> <span class='ocrx_word' id='word_1_543' title='bbox 1118 2195 1154 2227; x_wconf 89' lang='lat' dir='ltr'>et</span> <span class='ocrx_word' id='word_1_544' title='bbox 1180 2202 1288 2227; x_wconf 90' lang='lat' dir='ltr'>orare</span> <span class='ocrx_word' id='word_1_545' title='bbox 1316 2195 1351 2227; x_wconf 89' lang='lat' dir='ltr'>et</span> <span class='ocrx_word' id='word_1_546' title='bbox 1382 2191 1547 2237; x_wconf 79' lang='lat' dir='ltr'>vigilare,</span> <span class='ocrx_word' id='word_1_547' title='bbox 1570 2197 1606 2228; x_wconf 87' lang='lat' dir='ltr'>et</span> <span class='ocrx_word' id='word_1_548' title='bbox 1626 2192 1695 2227; x_wconf 82' lang='lat' dir='ltr'>hoc</span> <span class='ocrx_word' id='word_1_549' title='bbox 1719 2201 1793 2226; x_wconf 89' lang='lat' dir='ltr'>non</span> 
     </span>
     <span class='ocr_line' id='line_1_98' title="bbox 179 2242 985 2288; baseline -0.001 -12"><span class='ocrx_word' id='word_1_550' title='bbox 179 2244 303 2288; x_wconf 88' lang='lat' dir='ltr'>potest</span> <span class='ocrx_word' id='word_1_551' title='bbox 323 2251 416 2283; x_wconf 61' lang='lat' dir='ltr'>esse,</span> <span class='ocrx_word' id='word_1_552' title='bbox 442 2250 553 2284; x_wconf 74' lang='lat' dir='ltr'>qnam</span> <span class='ocrx_word' id='word_1_553' title='bbox 582 2243 659 2284; x_wconf 69' lang='lat' dir='ltr'>post</span> <span class='ocrx_word' id='word_1_554' title='bbox 692 2242 747 2275; x_wconf 80' lang='lat' dir='ltr'>tot</span> <span class='ocrx_word' id='word_1_555' title='bbox 779 2243 814 2275; x_wconf 87' lang='lat' dir='ltr'>et</span> <span class='ocrx_word' id='word_1_556' title='bbox 843 2243 950 2275; x_wconf 81' lang='lat' dir='ltr'>tanta</span> <span class='ocrx_word' id='word_1_557' title='bbox 983 2243 985 2247; x_wconf 81' lang='grc'><em>’</em></span> 
     </span>
     <span class='ocr_line' id='line_1_99' title="bbox 178 2287 987 2330; baseline -0.004 -6"><span class='ocrx_word' id='word_1_558' title='bbox 178 2287 312 2324; x_wconf 85' lang='lat' dir='ltr'>merita</span> <span class='ocrx_word' id='word_1_559' title='bbox 342 2287 491 2330; x_wconf 84' lang='lat' dir='ltr'>Christi,</span> <span class='ocrx_word' id='word_1_560' title='bbox 515 2290 673 2322; x_wconf 86' lang='lat' dir='ltr'>mortem</span> <span class='ocrx_word' id='word_1_561' title='bbox 703 2287 839 2322; x_wconf 78' lang='lat' dir='ltr'>animae</span> <span class='ocrx_word' id='word_1_562' title='bbox 875 2296 949 2322; x_wconf 89' lang='lat' dir='ltr'>non</span> <span class='ocrx_word' id='word_1_563' title='bbox 986 2306 987 2309; x_wconf 64' lang='lat'><em>=</em></span> 
     </span>
     <span class='ocr_line' id='line_1_100' title="bbox 177 2330 987 2377; baseline -0.002 -6"><span class='ocrx_word' id='word_1_564' title='bbox 177 2334 393 2372; x_wconf 87' lang='lat' dir='ltr'>formidare.</span> <span class='ocrx_word' id='word_1_565' title='bbox 417 2334 524 2377; x_wconf 87' lang='lat' dir='ltr'>Quia,</span> <span class='ocrx_word' id='word_1_566' title='bbox 548 2337 586 2369; x_wconf 93' lang='lat' dir='ltr'>ut</span> <span class='ocrx_word' id='word_1_567' title='bbox 606 2333 657 2369; x_wconf 89' lang='lat' dir='ltr'>ait</span> <span class='ocrx_word' id='word_1_568' title='bbox 677 2333 775 2370; x_wconf 89' lang='lat' dir='ltr'>idem</span> <span class='ocrx_word' id='word_1_569' title='bbox 801 2336 949 2376; x_wconf 68' lang='lat' dir='ltr'>Chryso-</span> <span class='ocrx_word' id='word_1_570' title='bbox 986 2330 987 2349; x_wconf 66' lang='lat'>³</span> 
     </span>
    </p>
   </div>
   <div class='ocr_carea' id='block_1_11' title="bbox 1019 2238 1796 2802">
    <p class='ocr_par' dir='ltr' id='par_1_12' title="bbox 1019 2238 1796 2758">
     <span class='ocr_line' id='line_1_101' title="bbox 1023 2238 1795 2284; baseline -0.001 -10"><span class='ocrx_word' id='word_1_571' title='bbox 1023 2238 1246 2284; x_wconf 89' lang='lat' dir='ltr'>quibusdam</span> <span class='ocrx_word' id='word_1_572' title='bbox 1262 2238 1406 2280; x_wconf 71' lang='lat' dir='ltr'>diebus,</span> <span class='ocrx_word' id='word_1_573' title='bbox 1421 2239 1486 2275; x_wconf 90' lang='lat' dir='ltr'>sed</span> <span class='ocrx_word' id='word_1_574' title='bbox 1506 2239 1606 2274; x_wconf 90' lang='lat' dir='ltr'>omni</span> <span class='ocrx_word' id='word_1_575' title='bbox 1625 2242 1795 2283; x_wconf 85' lang='lat' dir='ltr'>tempore</span> 
     </span>
     <span class='ocr_line' id='line_1_102' title="bbox 1022 2284 1796 2332; baseline -0.001 -11"><span class='ocrx_word' id='word_1_576' title='bbox 1022 2288 1144 2322; x_wconf 86' lang='lat' dir='ltr'>tacere</span> <span class='ocrx_word' id='word_1_577' title='bbox 1177 2286 1298 2321; x_wconf 81' lang='lat' dir='ltr'>debet.</span> <span class='ocrx_word' id='word_1_578' title='bbox 1326 2288 1434 2322; x_wconf 77' lang='lat' dir='ltr'>Juxta</span> <span class='ocrx_word' id='word_1_579' title='bbox 1467 2287 1566 2332; x_wconf 88' lang='lat' dir='ltr'>quod</span> <span class='ocrx_word' id='word_1_580' title='bbox 1599 2284 1796 2322; x_wconf 73' lang='lat' dir='ltr'>psalmista</span> 
     </span>
     <span class='ocr_line' id='line_1_103' title="bbox 1021 2333 1796 2370; baseline -0.003 -1"><span class='ocrx_word' id='word_1_581' title='bbox 1021 2333 1073 2370; x_wconf 89' lang='lat' dir='ltr'>ait</span> <span class='ocrx_word' id='word_1_582' title='bbox 1101 2344 1109 2368; x_wconf 91' lang='lat'>:</span> <span class='ocrx_word' id='word_1_583' title='bbox 1137 2333 1351 2368; x_wconf 58' lang='lat' dir='ltr'>Remedio-am</span> <span class='ocrx_word' id='word_1_584' title='bbox 1388 2336 1579 2369; x_wconf 74' lang='lat' dir='ltr'>Dominum</span> <span class='ocrx_word' id='word_1_585' title='bbox 1620 2340 1658 2369; x_wconf 81' lang='grc' dir='ltr'>1η</span> <span class='ocrx_word' id='word_1_586' title='bbox 1700 2333 1796 2367; x_wconf 85' lang='lat' dir='ltr'>omni</span> 
     </span>
     <span class='ocr_line' id='line_1_104' title="bbox 1022 2382 1794 2427; baseline -0.001 -11"><span class='ocrx_word' id='word_1_587' title='bbox 1022 2384 1188 2427; x_wconf 81' lang='lat' dir='ltr'>tempore,</span> <span class='ocrx_word' id='word_1_588' title='bbox 1211 2391 1348 2426; x_wconf 75' lang='lat' dir='ltr'>semper</span> <span class='ocrx_word' id='word_1_589' title='bbox 1364 2382 1443 2416; x_wconf 77' lang='lat' dir='ltr'>laus</span> <span class='ocrx_word' id='word_1_590' title='bbox 1462 2382 1538 2425; x_wconf 78' lang='lat' dir='ltr'>eJ&#39;us</span> <span class='ocrx_word' id='word_1_591' title='bbox 1558 2383 1596 2416; x_wconf 79' lang='lat' dir='ltr'>in</span> <span class='ocrx_word' id='word_1_592' title='bbox 1618 2391 1676 2416; x_wconf 79' lang='lat' dir='ltr'>ore</span> <span class='ocrx_word' id='word_1_593' title='bbox 1695 2390 1794 2422; x_wconf 84' lang='lat' dir='ltr'>meo;</span> 
     </span>
     <span class='ocr_line' id='line_1_105' title="bbox 1021 2425 1796 2473; baseline -0.004 -9"><span class='ocrx_word' id='word_1_594' title='bbox 1021 2428 1072 2464; x_wconf 91' lang='lat' dir='ltr'>sic</span> <span class='ocrx_word' id='word_1_595' title='bbox 1111 2437 1270 2473; x_wconf 89' lang='lat' dir='ltr'>namque</span> <span class='ocrx_word' id='word_1_596' title='bbox 1310 2427 1512 2464; x_wconf 85' lang='lat' dir='ltr'>merebitur</span> <span class='ocrx_word' id='word_1_597' title='bbox 1548 2427 1720 2463; x_wconf 85' lang='lat' dir='ltr'>habitare</span> <span class='ocrx_word' id='word_1_598' title='bbox 1757 2425 1796 2462; x_wconf 92' lang='lat' dir='ltr'>in</span> 
     </span>
     <span class='ocr_line' id='line_1_106' title="bbox 1020 2472 1794 2518; baseline -0.003 -8"><span class='ocrx_word' id='word_1_599' title='bbox 1020 2476 1129 2511; x_wconf 88' lang='lat' dir='ltr'>domo</span> <span class='ocrx_word' id='word_1_600' title='bbox 1160 2474 1320 2518; x_wconf 90' lang='lat' dir='ltr'>Domini,</span> <span class='ocrx_word' id='word_1_601' title='bbox 1343 2478 1379 2510; x_wconf 88' lang='lat' dir='ltr'>et</span> <span class='ocrx_word' id='word_1_602' title='bbox 1408 2474 1445 2510; x_wconf 91' lang='lat' dir='ltr'>in</span> <span class='ocrx_word' id='word_1_603' title='bbox 1481 2475 1646 2510; x_wconf 91' lang='lat' dir='ltr'>seculum</span> <span class='ocrx_word' id='word_1_604' title='bbox 1679 2472 1794 2510; x_wconf 87' lang='lat' dir='ltr'>seculi</span> 
     </span>
     <span class='ocr_line' id='line_1_107' title="bbox 1021 2521 1792 2558; baseline -0.003 0"><span class='ocrx_word' id='word_1_605' title='bbox 1021 2522 1175 2558; x_wconf 84' lang='lat' dir='ltr'>laudare</span> <span class='ocrx_word' id='word_1_606' title='bbox 1196 2521 1299 2557; x_wconf 91' lang='lat' dir='ltr'>illum</span> <span class='ocrx_word' id='word_1_607' title='bbox 1322 2536 1329 2557; x_wconf 71' lang='grc' dir='ltr'>ε</span> <span class='ocrx_word' id='word_1_608' title='bbox 1354 2534 1371 2555; x_wconf 86' lang='grc'>»</span> <span class='ocrx_word' id='word_1_609' title='bbox 1394 2522 1473 2558; x_wconf 84' lang='lat' dir='ltr'>haec</span> <span class='ocrx_word' id='word_1_610' title='bbox 1491 2523 1601 2558; x_wconf 74' lang='lat' dir='ltr'>Beda.</span> <span class='ocrx_word' id='word_1_611' title='bbox 1627 2522 1700 2557; x_wconf 91' lang='lat' dir='ltr'>Cur</span> <span class='ocrx_word' id='word_1_612' title='bbox 1724 2531 1792 2556; x_wconf 85' lang='lat' dir='ltr'>au-</span> 
     </span>
     <span class='ocr_line' id='line_1_108' title="bbox 1019 2566 1793 2614; baseline -0.005 -9"><span class='ocrx_word' id='word_1_613' title='bbox 1019 2573 1095 2606; x_wconf 87' lang='lat' dir='ltr'>tem</span> <span class='ocrx_word' id='word_1_614' title='bbox 1116 2568 1259 2605; x_wconf 87' lang='lat' dir='ltr'>monuit</span> <span class='ocrx_word' id='word_1_615' title='bbox 1284 2571 1323 2604; x_wconf 90' lang='lat' dir='ltr'>ut</span> <span class='ocrx_word' id='word_1_616' title='bbox 1348 2568 1544 2614; x_wconf 84' lang='lat' dir='ltr'>vigilemus</span> <span class='ocrx_word' id='word_1_617' title='bbox 1575 2572 1611 2604; x_wconf 86' lang='lat' dir='ltr'>et</span> <span class='ocrx_word' id='word_1_618' title='bbox 1643 2566 1793 2604; x_wconf 85' lang='lat' dir='ltr'>solliciti</span> 
     </span>
     <span class='ocr_line' id='line_1_109' title="bbox 1021 2614 1789 2662; baseline -0.004 -10"><span class='ocrx_word' id='word_1_619' title='bbox 1021 2617 1149 2660; x_wconf 90' lang='lat' dir='ltr'>simus,</span> <span class='ocrx_word' id='word_1_620' title='bbox 1162 2616 1520 2662; x_wconf 88' lang='lat' dir='ltr'>declaratprotinus,</span> <span class='ocrx_word' id='word_1_621' title='bbox 1540 2627 1623 2653; x_wconf 90' lang='lat' dir='ltr'>cum</span> <span class='ocrx_word' id='word_1_622' title='bbox 1640 2614 1789 2652; x_wconf 89' lang='lat' dir='ltr'>subdit:</span> 
     </span>
     <span class='ocr_line' id='line_1_110' title="bbox 1019 2661 1790 2710; baseline -0.003 -10"><span class='ocrx_word' id='word_1_623' title='bbox 1019 2666 1174 2703; x_wconf 75' lang='lat' dir='ltr'>Nescitis</span> <span class='ocrx_word' id='word_1_624' title='bbox 1190 2665 1283 2699; x_wconf 78' lang='lat' dir='ltr'>enim</span> <span class='ocrx_word' id='word_1_625' title='bbox 1298 2664 1442 2709; x_wconf 76' lang='lat' dir='ltr'>quando</span> <span class='ocrx_word' id='word_1_626' title='bbox 1461 2669 1598 2710; x_wconf 76' lang='lat' dir='ltr'>tempus</span> <span class='ocrx_word' id='word_1_627' title='bbox 1614 2667 1676 2707; x_wconf 79' lang='lat' dir='ltr'>sit,</span> <span class='ocrx_word' id='word_1_628' title='bbox 1696 2661 1790 2699; x_wconf 85' lang='lat' dir='ltr'>scili-</span> 
     </span>
     <span class='ocr_line' id='line_1_111' title="bbox 1021 2710 1692 2758; baseline -0.003 -10"><span class='ocrx_word' id='word_1_629' title='bbox 1021 2716 1078 2748; x_wconf 85' lang='lat' dir='ltr'>cet</span> <span class='ocrx_word' id='word_1_630' title='bbox 1101 2710 1242 2755; x_wconf 75' lang='lat' dir='ltr'>judicii,</span> <span class='ocrx_word' id='word_1_631' title='bbox 1266 2710 1341 2746; x_wconf 87' lang='lat' dir='ltr'>sive</span> <span class='ocrx_word' id='word_1_632' title='bbox 1364 2711 1494 2747; x_wconf 89' lang='lat' dir='ltr'>mortis</span> <span class='ocrx_word' id='word_1_633' title='bbox 1517 2711 1692 2758; x_wconf 84' lang='lat' dir='ltr'>propriae.</span> 
     </span>
    </p>

    <p class='ocr_par' dir='ltr' id='par_1_13' title="bbox 1069 2758 1792 2802">
     <span class='ocr_line' id='line_1_112' title="bbox 1069 2758 1792 2802; baseline -0.003 -7"><span class='ocrx_word' id='word_1_634' title='bbox 1069 2763 1089 2795; x_wconf 89' lang='lat'>8</span> <span class='ocrx_word' id='word_1_635' title='bbox 1104 2759 1180 2802; x_wconf 85' lang='lat' dir='ltr'>Quo</span> <span class='ocrx_word' id='word_1_636' title='bbox 1196 2770 1304 2795; x_wconf 65' lang='lat' dir='ltr'>seusu</span> <span class='ocrx_word' id='word_1_637' title='bbox 1317 2758 1490 2796; x_wconf 68' lang='lat' dir='ltr'>Cnrusrus</span> <span class='ocrx_word' id='word_1_638' title='bbox 1504 2771 1598 2796; x_wconf 75' lang='lat' dir='ltr'>num</span> <span class='ocrx_word' id='word_1_639' title='bbox 1617 2771 1656 2795; x_wconf 69' lang='lat' dir='ltr'>siz</span> <span class='ocrx_word' id='word_1_640' title='bbox 1676 2769 1792 2795; x_wconf 60' lang='lat' dir='ltr'>mesm-</span> 
     </span>
    </p>
   </div>
   <div class='ocr_carea' id='block_1_12' title="bbox 1855 0 1907 1202">
    <p class='ocr_par' dir='ltr' id='par_1_14' title="bbox 1855 0 1907 1202">
     <span class='ocr_line' id='line_1_113' title="bbox 1855 0 1907 1202; baseline 0 0"><span class='ocrx_word' id='word_1_641' title='bbox 1855 0 1907 1202; x_wconf 95' lang='lat' dir='ltr'> </span> 
     </span>
    </p>
   </div>
  </div>
 </body>
</html>
