<?xml version="1.0" encoding="UTF-8"?>
<!DOCTYPE html PUBLIC "-//W3C//DTD XHTML 1.0 Transitional//EN"
    "http://www.w3.org/TR/xhtml1/DTD/xhtml1-transitional.dtd">
<html xmlns="http://www.w3.org/1999/xhtml" xml:lang="en" lang="en">
 <head>
  <title>
</title>
<meta http-equiv="Content-Type" content="text/html;charset=utf-8" />
  <meta name='ocr-system' content='tesseract 3.04.00' />
  <meta name='ocr-capabilities' content='ocr_page ocr_carea ocr_par ocr_line ocrx_word'/>
</head>
<body>
  <div class='ocr_page' id='page_1' title='image "./vitajesuchristie03ludouoft_0185.png"; bbox 0 0 1907 3139; ppageno 0'>
   <div class='ocr_carea' id='block_1_1' title="bbox 0 0 19 1580">
    <p class='ocr_par' dir='ltr' id='par_1_1' title="bbox 0 0 19 1580">
     <span class='ocr_line' id='line_1_1' title="bbox 0 0 19 1580; baseline 0 0"><span class='ocrx_word' id='word_1_1' title='bbox 0 0 19 1580; x_wconf 95' lang='lat' dir='ltr'> </span> 
     </span>
    </p>
   </div>
   <div class='ocr_carea' id='block_1_2' title="bbox 474 183 985 221">
    <p class='ocr_par' dir='ltr' id='par_1_2' title="bbox 474 183 985 221">
     <span class='ocr_line' id='line_1_2' title="bbox 474 183 985 221; baseline 0.01 -5"><span class='ocrx_word' id='word_1_2' title='bbox 474 183 526 217; x_wconf 86' lang='lat' dir='ltr'>DE</span> <span class='ocrx_word' id='word_1_3' title='bbox 563 183 787 220; x_wconf 83' lang='lat' dir='ltr'>GLORIOSA</span> <span class='ocrx_word' id='word_1_4' title='bbox 830 186 985 221; x_wconf 86' lang='lat' dir='ltr'><strong>DOMINI</strong></span> 
     </span>
    </p>
   </div>
   <div class='ocr_carea' id='block_1_3' title="bbox 94 253 883 1009">
    <p class='ocr_par' dir='ltr' id='par_1_3' title="bbox 94 253 883 1009">
     <span class='ocr_line' id='line_1_3' title="bbox 98 253 879 298; baseline -0.001 -7"><span class='ocrx_word' id='word_1_5' title='bbox 98 254 200 291; x_wconf 88' lang='lat' dir='ltr'>unde</span> <span class='ocrx_word' id='word_1_6' title='bbox 225 254 344 290; x_wconf 73' lang='lat' dir='ltr'>turbae</span> <span class='ocrx_word' id='word_1_7' title='bbox 368 253 601 298; x_wconf 72' lang='lat' dir='ltr'>sithungunt</span> <span class='ocrx_word' id='word_1_8' title='bbox 627 264 634 288; x_wconf 93' lang='lat'>:</span> <span class='ocrx_word' id='word_1_9' title='bbox 663 254 707 289; x_wconf 89' lang='lat' dir='ltr'>Et</span> <span class='ocrx_word' id='word_1_10' title='bbox 736 255 879 291; x_wconf 69' lang='lat' dir='ltr'>benedi-</span> 
     </span>
     <span class='ocr_line' id='line_1_4' title="bbox 99 299 880 348; baseline 0 -10"><span class='ocrx_word' id='word_1_11' title='bbox 99 306 207 343; x_wconf 79' lang='lat' dir='ltr'>ctum,</span> <span class='ocrx_word' id='word_1_12' title='bbox 222 302 318 347; x_wconf 79' lang='lat' dir='ltr'>quod</span> <span class='ocrx_word' id='word_1_13' title='bbox 330 299 469 336; x_wconf 85' lang='lat' dir='ltr'>scilicet</span> <span class='ocrx_word' id='word_1_14' title='bbox 484 302 582 335; x_wconf 75' lang='lat' dir='ltr'>venit</span> <span class='ocrx_word' id='word_1_15' title='bbox 594 311 745 344; x_wconf 62' lang='lat' dir='ltr'>regnum</span> <span class='ocrx_word' id='word_1_16' title='bbox 758 306 880 348; x_wconf 71' lang='lat' dir='ltr'>patris</span> 
     </span>
     <span class='ocr_line' id='line_1_5' title="bbox 99 346 879 392; baseline 0.001 -7"><span class='ocrx_word' id='word_1_17' title='bbox 99 351 216 385; x_wconf 67' lang='lat' dir='ltr'>nostri·</span> <span class='ocrx_word' id='word_1_18' title='bbox 236 348 366 386; x_wconf 76' lang='lat' dir='ltr'>David.</span> <span class='ocrx_word' id='word_1_19' title='bbox 386 347 487 392; x_wconf 69' lang='lat' dir='ltr'>quod</span> <span class='ocrx_word' id='word_1_20' title='bbox 508 346 649 383; x_wconf 87' lang='lat' dir='ltr'>scilicet</span> <span class='ocrx_word' id='word_1_21' title='bbox 666 351 879 386; x_wconf 87' lang='lat' dir='ltr'>restitutum</span> 
     </span>
     <span class='ocr_line' id='line_1_6' title="bbox 101 395 880 438; baseline 0.001 -6"><span class='ocrx_word' id='word_1_22' title='bbox 101 399 156 432; x_wconf 87' lang='lat' dir='ltr'>est</span> <span class='ocrx_word' id='word_1_23' title='bbox 182 406 279 431; x_wconf 83' lang='lat' dir='ltr'>nune</span> <span class='ocrx_word' id='word_1_24' title='bbox 315 395 479 430; x_wconf 87' lang='lat' dir='ltr'>adventu</span> <span class='ocrx_word' id='word_1_25' title='bbox 519 398 596 430; x_wconf 89' lang='lat' dir='ltr'>tuo.</span> <span class='ocrx_word' id='word_1_26' title='bbox 625 396 736 438; x_wconf 80' lang='lat' dir='ltr'>Quasi</span> <span class='ocrx_word' id='word_1_27' title='bbox 778 397 880 433; x_wconf 75' lang='lat' dir='ltr'>diro-</span> 
     </span>
     <span class='ocr_line' id='line_1_7' title="bbox 99 441 878 487; baseline 0.003 -8"><span class='ocrx_word' id='word_1_28' title='bbox 99 446 182 479; x_wconf 89' lang='lat' dir='ltr'>rent</span> <span class='ocrx_word' id='word_1_29' title='bbox 211 453 218 478; x_wconf 92' lang='lat'><strong>:</strong></span> <span class='ocrx_word' id='word_1_30' title='bbox 246 441 311 477; x_wconf 79' lang='lat' dir='ltr'>Ilio</span> <span class='ocrx_word' id='word_1_31' title='bbox 342 445 400 478; x_wconf 81' lang='lat' dir='ltr'>est</span> <span class='ocrx_word' id='word_1_32' title='bbox 437 441 482 477; x_wconf 91' lang='lat' dir='ltr'>de</span> <span class='ocrx_word' id='word_1_33' title='bbox 520 452 593 487; x_wconf 84' lang='lat' dir='ltr'>quo</span> <span class='ocrx_word' id='word_1_34' title='bbox 623 442 763 479; x_wconf 86' lang='lat' dir='ltr'>dictum</span> <span class='ocrx_word' id='word_1_35' title='bbox 788 450 843 480; x_wconf 84' lang='lat' dir='ltr'>est</span> <span class='ocrx_word' id='word_1_36' title='bbox 870 457 878 481; x_wconf 89' lang='lat'><strong>:</strong></span> 
     </span>
     <span class='ocr_line' id='line_1_8' title="bbox 97 490 883 528; baseline 0.004 -3"><span class='ocrx_word' id='word_1_37' title='bbox 97 490 209 526; x_wconf 80' lang='lat' dir='ltr'><em>Dabit</em></span> <span class='ocrx_word' id='word_1_38' title='bbox 229 490 290 524; x_wconf 80' lang='lat' dir='ltr'>illi</span> <span class='ocrx_word' id='word_1_39' title='bbox 310 490 485 524; x_wconf 75' lang='lat' dir='ltr'><em>Dominus</em></span> <span class='ocrx_word' id='word_1_40' title='bbox 506 491 600 525; x_wconf 78' lang='lat' dir='ltr'>Deus</span> <span class='ocrx_word' id='word_1_41' title='bbox 624 491 745 526; x_wconf 74' lang='lat' dir='ltr'>sedem</span> <span class='ocrx_word' id='word_1_42' title='bbox 761 493 883 528; x_wconf 74' lang='lat' dir='ltr'>David</span> 
     </span>
     <span class='ocr_line' id='line_1_9' title="bbox 94 536 883 583; baseline 0.004 -11"><span class='ocrx_word' id='word_1_43' title='bbox 94 539 217 583; x_wconf 72' lang='lat' dir='ltr'>patris</span> <span class='ocrx_word' id='word_1_44' title='bbox 243 536 335 581; x_wconf 71' lang='lat' dir='ltr'>ey&#39;us.</span> <span class='ocrx_word' id='word_1_45' title='bbox 361 538 503 582; x_wconf 88' lang='lat' dir='ltr'>Regem</span> <span class='ocrx_word' id='word_1_46' title='bbox 525 547 614 573; x_wconf 85' lang='lat' dir='ltr'>vero</span> <span class='ocrx_word' id='word_1_47' title='bbox 650 549 736 574; x_wconf 86' lang='lat' dir='ltr'>oum</span> <span class='ocrx_word' id='word_1_48' title='bbox 770 539 808 575; x_wconf 90' lang='lat' dir='ltr'>in</span> <span class='ocrx_word' id='word_1_49' title='bbox 831 543 883 575; x_wconf 87' lang='lat' dir='ltr'>to-</span> 
     </span>
     <span class='ocr_line' id='line_1_10' title="bbox 97 583 880 622; baseline 0.003 -2"><span class='ocrx_word' id='word_1_50' title='bbox 97 583 317 620; x_wconf 87' lang='lat' dir='ltr'>stimonium</span> <span class='ocrx_word' id='word_1_51' title='bbox 339 595 415 620; x_wconf 58' lang='lat' dir='ltr'>sure</span> <span class='ocrx_word' id='word_1_52' title='bbox 445 584 702 621; x_wconf 75' lang='lat' dir='ltr'>damnationis</span> <span class='ocrx_word' id='word_1_53' title='bbox 724 598 880 622; x_wconf 83' lang='lat' dir='ltr'>vocave-</span> 
     </span>
     <span class='ocr_line' id='line_1_11' title="bbox 96 632 881 680; baseline 0.001 -12"><span class='ocrx_word' id='word_1_54' title='bbox 96 637 197 675; x_wconf 83' lang='lat' dir='ltr'>runt,</span> <span class='ocrx_word' id='word_1_55' title='bbox 231 642 273 666; x_wconf 83' lang='lat' dir='ltr'>ex</span> <span class='ocrx_word' id='word_1_56' title='bbox 296 632 366 667; x_wconf 80' lang='lat' dir='ltr'>hoc</span> <span class='ocrx_word' id='word_1_57' title='bbox 396 632 496 667; x_wconf 89' lang='lat' dir='ltr'>enim</span> <span class='ocrx_word' id='word_1_58' title='bbox 521 635 638 677; x_wconf 86' lang='lat' dir='ltr'>patet,</span> <span class='ocrx_word' id='word_1_59' title='bbox 662 634 761 678; x_wconf 86' lang='lat' dir='ltr'>quod</span> <span class='ocrx_word' id='word_1_60' title='bbox 785 645 881 680; x_wconf 84' lang='lat' dir='ltr'>pro—</span> 
     </span>
     <span class='ocr_line' id='line_1_12' title="bbox 95 678 882 725; baseline 0.003 -11"><span class='ocrx_word' id='word_1_61' title='bbox 95 678 218 725; x_wconf 88' lang='lat' dir='ltr'>prium</span> <span class='ocrx_word' id='word_1_62' title='bbox 241 678 442 715; x_wconf 89' lang='lat' dir='ltr'>Dominum</span> <span class='ocrx_word' id='word_1_63' title='bbox 464 679 695 715; x_wconf 85' lang='lat' dir='ltr'>occiderunt.</span> <span class='ocrx_word' id='word_1_64' title='bbox 717 681 785 716; x_wconf 89' lang='lat' dir='ltr'>Ubi</span> <span class='ocrx_word' id='word_1_65' title='bbox 807 683 882 717; x_wconf 70' lang='grc'>,111-</span> 
     </span>
     <span class='ocr_line' id='line_1_13' title="bbox 94 726 880 773; baseline 0.001 -11"><span class='ocrx_word' id='word_1_66' title='bbox 94 728 264 771; x_wconf 65' lang='lat' dir='ltr'>mastinos</span> <span class='ocrx_word' id='word_1_67' title='bbox 288 738 296 762; x_wconf 88' lang='lat'>:</span> <span class='ocrx_word' id='word_1_68' title='bbox 314 740 330 759; x_wconf 91' lang='lat'>«</span> <span class='ocrx_word' id='word_1_69' title='bbox 354 726 449 769; x_wconf 83' lang='lat' dir='ltr'>Quid</span> <span class='ocrx_word' id='word_1_70' title='bbox 466 729 591 762; x_wconf 89' lang='lat' dir='ltr'>autem</span> <span class='ocrx_word' id='word_1_71' title='bbox 612 738 789 773; x_wconf 86' lang='lat' dir='ltr'>magnum</span> <span class='ocrx_word' id='word_1_72' title='bbox 813 729 880 765; x_wconf 84' lang='lat' dir='ltr'>fuit</span> 
     </span>
     <span class='ocr_line' id='line_1_14' title="bbox 97 773 879 820; baseline 0.003 -11"><span class='ocrx_word' id='word_1_73' title='bbox 97 773 188 820; x_wconf 95' lang='lat' dir='ltr'>Regi</span> <span class='ocrx_word' id='word_1_74' title='bbox 222 774 436 810; x_wconf 84' lang='lat' dir='ltr'>seculorum</span> <span class='ocrx_word' id='word_1_75' title='bbox 462 775 604 819; x_wconf 81' lang='lat' dir='ltr'>Regem</span> <span class='ocrx_word' id='word_1_76' title='bbox 639 775 721 810; x_wconf 83' lang='lat' dir='ltr'>fiori</span> <span class='ocrx_word' id='word_1_77' title='bbox 759 776 879 811; x_wconf 89' lang='lat' dir='ltr'>homi-</span> 
     </span>
     <span class='ocr_line' id='line_1_15' title="bbox 96 820 879 866; baseline 0.003 -9"><span class='ocrx_word' id='word_1_78' title='bbox 96 821 215 857; x_wconf 81' lang='lat' dir='ltr'>num?</span> <span class='ocrx_word' id='word_1_79' title='bbox 233 823 312 857; x_wconf 90' lang='lat' dir='ltr'>Non</span> <span class='ocrx_word' id='word_1_80' title='bbox 338 820 439 856; x_wconf 88' lang='lat' dir='ltr'>enim</span> <span class='ocrx_word' id='word_1_81' title='bbox 459 822 534 856; x_wconf 84' lang='lat' dir='ltr'>Rex</span> <span class='ocrx_word' id='word_1_82' title='bbox 558 822 673 857; x_wconf 89' lang='lat' dir='ltr'>Israel</span> <span class='ocrx_word' id='word_1_83' title='bbox 696 823 879 866; x_wconf 80' lang='lat' dir='ltr'>Christus,</span> 
     </span>
     <span class='ocr_line' id='line_1_16' title="bbox 98 868 880 914; baseline 0.001 -9"><span class='ocrx_word' id='word_1_84' title='bbox 98 869 147 905; x_wconf 91' lang='lat' dir='ltr'>ad</span> <span class='ocrx_word' id='word_1_85' title='bbox 194 868 419 914; x_wconf 70' lang='lat' dir='ltr'>exigendum</span> <span class='ocrx_word' id='word_1_86' title='bbox 454 868 650 913; x_wconf 86' lang='lat' dir='ltr'>tributum,</span> <span class='ocrx_word' id='word_1_87' title='bbox 688 870 745 904; x_wconf 88' lang='lat' dir='ltr'>vel</span> <span class='ocrx_word' id='word_1_88' title='bbox 782 871 880 906; x_wconf 82' lang='lat' dir='ltr'>ferro</span> 
     </span>
     <span class='ocr_line' id='line_1_17' title="bbox 97 915 881 961; baseline 0.001 -10"><span class='ocrx_word' id='word_1_89' title='bbox 97 916 303 952; x_wconf 85' lang='lat' dir='ltr'>exercitum</span> <span class='ocrx_word' id='word_1_90' title='bbox 325 915 564 959; x_wconf 86' lang='lat' dir='ltr'>armandum,</span> <span class='ocrx_word' id='word_1_91' title='bbox 591 916 773 961; x_wconf 64' lang='lat' dir='ltr'>notosque</span> <span class='ocrx_word' id='word_1_92' title='bbox 792 917 881 952; x_wconf 87' lang='lat' dir='ltr'>visi-</span> 
     </span>
     <span class='ocr_line' id='line_1_18' title="bbox 96 962 880 1009; baseline 0 -9"><span class='ocrx_word' id='word_1_93' title='bbox 96 962 225 1000; x_wconf 85' lang='lat' dir='ltr'>biliter</span> <span class='ocrx_word' id='word_1_94' title='bbox 257 963 525 1008; x_wconf 71' lang='lat' dir='ltr'>debellandos,</span> <span class='ocrx_word' id='word_1_95' title='bbox 550 964 614 998; x_wconf 87' lang='lat' dir='ltr'>sed</span> <span class='ocrx_word' id='word_1_96' title='bbox 644 965 721 999; x_wconf 91' lang='lat' dir='ltr'>Rex</span> <span class='ocrx_word' id='word_1_97' title='bbox 751 965 880 1009; x_wconf 86' lang='lat' dir='ltr'>Israel,</span> 
     </span>
    </p>
   </div>
   <div class='ocr_carea' id='block_1_4' title="bbox 37 1009 882 1057">
    <p class='ocr_par' dir='ltr' id='par_1_4' title="bbox 37 1009 882 1057">
     <span class='ocr_line' id='line_1_19' title="bbox 37 1009 882 1057; baseline 0.001 -11"><span class='ocrx_word' id='word_1_98' title='bbox 37 1042 47 1052; x_wconf 87' lang='grc'><strong>,</strong></span> <span class='ocrx_word' id='word_1_99' title='bbox 97 1010 197 1057; x_wconf 90' lang='lat' dir='ltr'>quod</span> <span class='ocrx_word' id='word_1_100' title='bbox 219 1014 364 1046; x_wconf 87' lang='lat' dir='ltr'>mentes</span> <span class='ocrx_word' id='word_1_101' title='bbox 386 1013 505 1055; x_wconf 87' lang='lat' dir='ltr'>regat,</span> <span class='ocrx_word' id='word_1_102' title='bbox 527 1010 625 1055; x_wconf 83' lang='lat' dir='ltr'>quod</span> <span class='ocrx_word' id='word_1_103' title='bbox 646 1009 684 1046; x_wconf 88' lang='lat' dir='ltr'>in</span> <span class='ocrx_word' id='word_1_104' title='bbox 698 1014 882 1048; x_wconf 69' lang='lat' dir='ltr'>{eternum</span> 
     </span>
    </p>
   </div>
   <div class='ocr_carea' id='block_1_5' title="bbox 95 1057 887 2285">
    <p class='ocr_par' dir='ltr' id='par_1_5' title="bbox 95 1057 886 1668">
     <span class='ocr_line' id='line_1_20' title="bbox 97 1057 882 1104; baseline 0.001 -10"><span class='ocrx_word' id='word_1_105' title='bbox 97 1058 284 1102; x_wconf 86' lang='lat' dir='ltr'>consulat,</span> <span class='ocrx_word' id='word_1_106' title='bbox 311 1057 413 1103; x_wconf 87' lang='lat' dir='ltr'>quod</span> <span class='ocrx_word' id='word_1_107' title='bbox 435 1057 473 1092; x_wconf 90' lang='lat' dir='ltr'>in</span> <span class='ocrx_word' id='word_1_108' title='bbox 509 1068 665 1104; x_wconf 72' lang='lat' dir='ltr'>regnum</span> <span class='ocrx_word' id='word_1_109' title='bbox 698 1059 882 1095; x_wconf 79' lang='lat' dir='ltr'>coelorum</span> 
     </span>
     <span class='ocr_line' id='line_1_21' title="bbox 95 1105 882 1152; baseline 0 -10"><span class='ocrx_word' id='word_1_110' title='bbox 95 1105 306 1149; x_wconf 82' lang='lat' dir='ltr'>credentes,</span> <span class='ocrx_word' id='word_1_111' title='bbox 336 1109 372 1140; x_wconf 87' lang='lat' dir='ltr'>et</span> <span class='ocrx_word' id='word_1_112' title='bbox 398 1109 607 1151; x_wconf 71' lang='lat' dir='ltr'>sperantes,</span> <span class='ocrx_word' id='word_1_113' title='bbox 637 1110 882 1152; x_wconf 70' lang='lat' dir='ltr'>amantesque</span> 
     </span>
     <span class='ocr_line' id='line_1_22' title="bbox 99 1152 882 1199; baseline 0 -10"><span class='ocrx_word' id='word_1_114' title='bbox 99 1153 291 1199; x_wconf 87' lang='lat' dir='ltr'>perducat.</span> <span class='ocrx_word' id='word_1_115' title='bbox 316 1152 422 1195; x_wconf 85' lang='lat' dir='ltr'>Quod</span> <span class='ocrx_word' id='word_1_116' title='bbox 447 1163 536 1198; x_wconf 81' lang='lat' dir='ltr'>ergo</span> <span class='ocrx_word' id='word_1_117' title='bbox 566 1154 642 1188; x_wconf 85' lang='lat' dir='ltr'>Rex</span> <span class='ocrx_word' id='word_1_118' title='bbox 664 1164 745 1189; x_wconf 87' lang='lat' dir='ltr'>esse</span> <span class='ocrx_word' id='word_1_119' title='bbox 766 1154 882 1190; x_wconf 87' lang='lat' dir='ltr'>voluit</span> 
     </span>
     <span class='ocr_line' id='line_1_23' title="bbox 104 1199 882 1246; baseline 0 -10"><span class='ocrx_word' id='word_1_120' title='bbox 104 1200 234 1244; x_wconf 84' lang='lat' dir='ltr'>Israel,</span> <span class='ocrx_word' id='word_1_121' title='bbox 269 1199 437 1246; x_wconf 77' lang='lat' dir='ltr'>dignatio</span> <span class='ocrx_word' id='word_1_122' title='bbox 476 1202 533 1235; x_wconf 85' lang='lat' dir='ltr'>est</span> <span class='ocrx_word' id='word_1_123' title='bbox 567 1210 642 1235; x_wconf 87' lang='lat' dir='ltr'>non</span> <span class='ocrx_word' id='word_1_124' title='bbox 680 1201 882 1246; x_wconf 77' lang='lat' dir='ltr'>promotio,</span> 
     </span>
     <span class='ocr_line' id='line_1_24' title="bbox 97 1246 884 1293; baseline 0 -9"><span class='ocrx_word' id='word_1_125' title='bbox 97 1247 354 1284; x_wconf 78' lang='lat' dir='ltr'>miserationis</span> <span class='ocrx_word' id='word_1_126' title='bbox 373 1246 568 1289; x_wconf 89' lang='lat' dir='ltr'>indicium,</span> <span class='ocrx_word' id='word_1_127' title='bbox 592 1258 667 1282; x_wconf 87' lang='lat' dir='ltr'>non</span> <span class='ocrx_word' id='word_1_128' title='bbox 686 1248 884 1293; x_wconf 68' lang='lat' dir='ltr'>potcstatis</span> 
     </span>
     <span class='ocr_line' id='line_1_25' title="bbox 97 1293 882 1341; baseline 0 -10"><span class='ocrx_word' id='word_1_129' title='bbox 97 1299 362 1341; x_wconf 73' lang='lat' dir='ltr'>augmentum,</span> <span class='ocrx_word' id='word_1_130' title='bbox 387 1293 447 1339; x_wconf 83' lang='lat' dir='ltr'>qui</span> <span class='ocrx_word' id='word_1_131' title='bbox 471 1294 571 1330; x_wconf 88' lang='lat' dir='ltr'>enim</span> <span class='ocrx_word' id='word_1_132' title='bbox 595 1295 807 1340; x_wconf 83' lang='lat' dir='ltr'>appellatus</span> <span class='ocrx_word' id='word_1_133' title='bbox 826 1301 882 1331; x_wconf 83' lang='lat' dir='ltr'>est</span> 
     </span>
     <span class='ocr_line' id='line_1_26' title="bbox 101 1341 884 1385; baseline 0 -7"><span class='ocrx_word' id='word_1_134' title='bbox 101 1342 140 1378; x_wconf 91' lang='lat' dir='ltr'>in</span> <span class='ocrx_word' id='word_1_135' title='bbox 162 1346 263 1378; x_wconf 89' lang='lat' dir='ltr'>terra</span> <span class='ocrx_word' id='word_1_136' title='bbox 290 1343 366 1377; x_wconf 88' lang='lat' dir='ltr'>Rex</span> <span class='ocrx_word' id='word_1_137' title='bbox 384 1341 617 1385; x_wconf 82' lang='lat' dir='ltr'>Judaeorum,</span> <span class='ocrx_word' id='word_1_138' title='bbox 641 1342 679 1377; x_wconf 89' lang='lat' dir='ltr'>in</span> <span class='ocrx_word' id='word_1_139' title='bbox 703 1343 806 1378; x_wconf 77' lang='lat' dir='ltr'>ccelis</span> <span class='ocrx_word' id='word_1_140' title='bbox 828 1346 884 1378; x_wconf 86' lang='lat' dir='ltr'>est</span> 
     </span>
     <span class='ocr_line' id='line_1_27' title="bbox 97 1389 882 1434; baseline 0.001 -9"><span class='ocrx_word' id='word_1_141' title='bbox 97 1389 282 1425; x_wconf 79' lang='lat' dir='ltr'>Dominus</span> <span class='ocrx_word' id='word_1_142' title='bbox 309 1389 553 1434; x_wconf 77' lang='lat' dir='ltr'>Angelorum.</span> <span class='ocrx_word' id='word_1_143' title='bbox 586 1402 602 1421; x_wconf 86' lang='lat'>»</span> <span class='ocrx_word' id='word_1_144' title='bbox 633 1390 677 1424; x_wconf 88' lang='lat' dir='ltr'>Et</span> <span class='ocrx_word' id='word_1_145' title='bbox 712 1389 848 1425; x_wconf 72' lang='lat' dir='ltr'>iterum</span> <span class='ocrx_word' id='word_1_146' title='bbox 875 1402 882 1427; x_wconf 92' lang='lat'>:</span> 
     </span>
     <span class='ocr_line' id='line_1_28' title="bbox 101 1435 885 1482; baseline 0.003 -12"><span class='ocrx_word' id='word_1_147' title='bbox 101 1450 119 1471; x_wconf 88' lang='lat'>«</span> <span class='ocrx_word' id='word_1_148' title='bbox 137 1436 219 1473; x_wconf 91' lang='lat' dir='ltr'>Noli</span> <span class='ocrx_word' id='word_1_149' title='bbox 234 1436 381 1479; x_wconf 86' lang='lat' dir='ltr'>timere,</span> <span class='ocrx_word' id='word_1_150' title='bbox 404 1435 508 1471; x_wconf 91' lang='lat' dir='ltr'>illum</span> <span class='ocrx_word' id='word_1_151' title='bbox 528 1446 703 1480; x_wconf 77' lang='lat' dir='ltr'>agnosce,</span> <span class='ocrx_word' id='word_1_152' title='bbox 725 1436 789 1482; x_wconf 85' lang='lat' dir='ltr'>qui</span> <span class='ocrx_word' id='word_1_153' title='bbox 808 1448 829 1472; x_wconf 90' lang='lat' dir='ltr'>a</span> <span class='ocrx_word' id='word_1_154' title='bbox 849 1440 885 1472; x_wconf 87' lang='lat' dir='ltr'>to</span> 
     </span>
     <span class='ocr_line' id='line_1_29' title="bbox 99 1483 884 1529; baseline -0.001 -9"><span class='ocrx_word' id='word_1_155' title='bbox 99 1483 286 1528; x_wconf 87' lang='lat' dir='ltr'>laudatur,</span> <span class='ocrx_word' id='word_1_156' title='bbox 309 1486 345 1518; x_wconf 89' lang='lat' dir='ltr'>et</span> <span class='ocrx_word' id='word_1_157' title='bbox 366 1483 440 1518; x_wconf 91' lang='lat' dir='ltr'>noli</span> <span class='ocrx_word' id='word_1_158' title='bbox 472 1483 661 1527; x_wconf 84' lang='lat' dir='ltr'>trepidare</span> <span class='ocrx_word' id='word_1_159' title='bbox 681 1494 765 1518; x_wconf 89' lang='lat' dir='ltr'>cum</span> <span class='ocrx_word' id='word_1_160' title='bbox 787 1484 884 1529; x_wconf 86' lang='lat' dir='ltr'>pati-</span> 
     </span>
     <span class='ocr_line' id='line_1_30' title="bbox 99 1529 886 1577; baseline 0 -11"><span class='ocrx_word' id='word_1_161' title='bbox 99 1533 173 1575; x_wconf 88' lang='lat' dir='ltr'>tur,</span> <span class='ocrx_word' id='word_1_162' title='bbox 202 1531 289 1576; x_wconf 84' lang='lat' dir='ltr'>quia</span> <span class='ocrx_word' id='word_1_163' title='bbox 325 1529 387 1565; x_wconf 89' lang='lat' dir='ltr'>ille</span> <span class='ocrx_word' id='word_1_164' title='bbox 420 1529 573 1575; x_wconf 81' lang='lat' dir='ltr'>sanguis</span> <span class='ocrx_word' id='word_1_165' title='bbox 606 1529 789 1574; x_wconf 85' lang='lat' dir='ltr'>funditur,</span> <span class='ocrx_word' id='word_1_166' title='bbox 818 1541 886 1577; x_wconf 90' lang='lat' dir='ltr'>per</span> 
     </span>
     <span class='ocr_line' id='line_1_31' title="bbox 100 1576 885 1624; baseline 0 -10"><span class='ocrx_word' id='word_1_167' title='bbox 100 1589 211 1624; x_wconf 90' lang='lat' dir='ltr'>quem</span> <span class='ocrx_word' id='word_1_168' title='bbox 232 1580 337 1614; x_wconf 86' lang='lat' dir='ltr'>tuum</span> <span class='ocrx_word' id='word_1_169' title='bbox 358 1577 535 1620; x_wconf 75' lang='lat' dir='ltr'>delictum</span> <span class='ocrx_word' id='word_1_170' title='bbox 557 1576 789 1621; x_wconf 86' lang='lat' dir='ltr'>deleatur,et</span> <span class='ocrx_word' id='word_1_171' title='bbox 808 1578 885 1614; x_wconf 86' lang='lat' dir='ltr'>vita</span> 
     </span>
     <span class='ocr_line' id='line_1_32' title="bbox 99 1625 880 1668; baseline -0.001 -7"><span class='ocrx_word' id='word_1_172' title='bbox 99 1629 164 1662; x_wconf 88' lang='lat' dir='ltr'>tua</span> <span class='ocrx_word' id='word_1_173' title='bbox 194 1626 405 1661; x_wconf 79' lang='lat' dir='ltr'>redimatur</span> <span class='ocrx_word' id='word_1_174' title='bbox 430 1636 437 1660; x_wconf 90' lang='lat'>:</span> <span class='ocrx_word' id='word_1_175' title='bbox 475 1638 493 1657; x_wconf 82' lang='lat'>&gt;›</span> <span class='ocrx_word' id='word_1_176' title='bbox 527 1625 607 1660; x_wconf 82' lang='lat' dir='ltr'>haeo</span> <span class='ocrx_word' id='word_1_177' title='bbox 633 1626 880 1668; x_wconf 58' lang='lat' dir='ltr'>Augustinus.</span> 
     </span>
    </p>

    <p class='ocr_par' dir='ltr' id='par_1_6' title="bbox 99 1673 887 2285">
     <span class='ocr_line' id='line_1_33' title="bbox 147 1673 881 1716; baseline 0 -7"><span class='ocrx_word' id='word_1_178' title='bbox 147 1676 168 1716; x_wconf 73' lang='grc'>4</span> <span class='ocrx_word' id='word_1_179' title='bbox 190 1674 365 1709; x_wconf 75' lang='lat' dir='ltr'>CHRISTUS</span> <span class='ocrx_word' id='word_1_180' title='bbox 393 1684 517 1707; x_wconf 77' lang='lat' dir='ltr'><strong>TOTIUS</strong></span> <span class='ocrx_word' id='word_1_181' title='bbox 544 1683 655 1707; x_wconf 64' lang='lat' dir='ltr'>mmm</span> <span class='ocrx_word' id='word_1_182' title='bbox 680 1673 881 1709; x_wconf 71' lang='lat' dir='ltr'>SALvATon.</span> 
     </span>
     <span class='ocr_line' id='line_1_34' title="bbox 101 1719 885 1756; baseline -0.001 0"><span class='ocrx_word' id='word_1_183' title='bbox 101 1740 144 1748; x_wconf 88' lang='lat'>·——</span> <span class='ocrx_word' id='word_1_184' title='bbox 166 1720 309 1756; x_wconf 87' lang='lat' dir='ltr'>Deinde</span> <span class='ocrx_word' id='word_1_185' title='bbox 330 1719 468 1755; x_wconf 88' lang='lat' dir='ltr'>iterum</span> <span class='ocrx_word' id='word_1_186' title='bbox 484 1720 600 1755; x_wconf 83' lang='lat' dir='ltr'>verba</span> <span class='ocrx_word' id='word_1_187' title='bbox 621 1724 885 1756; x_wconf 81' lang='lat' dir='ltr'>convertentes</span> 
     </span>
     <span class='ocr_line' id='line_1_35' title="bbox 102 1767 887 1813; baseline 0 -10"><span class='ocrx_word' id='word_1_188' title='bbox 102 1768 149 1804; x_wconf 89' lang='lat' dir='ltr'>ad</span> <span class='ocrx_word' id='word_1_189' title='bbox 169 1767 307 1813; x_wconf 87' lang='lat' dir='ltr'>ipsum,</span> <span class='ocrx_word' id='word_1_190' title='bbox 330 1769 504 1813; x_wconf 71' lang='lat' dir='ltr'>repetunt</span> <span class='ocrx_word' id='word_1_191' title='bbox 524 1778 532 1801; x_wconf 89' lang='lat'>:</span> <span class='ocrx_word' id='word_1_192' title='bbox 558 1769 747 1811; x_wconf 72' lang='lat' dir='ltr'>Hosaima,</span> <span class='ocrx_word' id='word_1_193' title='bbox 770 1767 808 1802; x_wconf 88' lang='lat' dir='ltr'>id</span> <span class='ocrx_word' id='word_1_194' title='bbox 829 1771 887 1803; x_wconf 82' lang='lat' dir='ltr'>est</span> 
     </span>
     <span class='ocr_line' id='line_1_36' title="bbox 99 1813 881 1859; baseline -0.001 -9"><span class='ocrx_word' id='word_1_195' title='bbox 99 1817 218 1858; x_wconf 74' lang='lat' dir='ltr'>salva,</span> <span class='ocrx_word' id='word_1_196' title='bbox 253 1816 408 1849; x_wconf 73' lang='lat' dir='ltr'>obsecro.</span> <span class='ocrx_word' id='word_1_197' title='bbox 443 1813 505 1849; x_wconf 84' lang='lat' dir='ltr'>Bis</span> <span class='ocrx_word' id='word_1_198' title='bbox 533 1813 661 1848; x_wconf 81' lang='lat' dir='ltr'>dicunt</span> <span class='ocrx_word' id='word_1_199' title='bbox 698 1814 881 1859; x_wconf 84' lang='lat' dir='ltr'>hosanna,</span> 
     </span>
     <span class='ocr_line' id='line_1_37' title="bbox 103 1859 885 1913; baseline -0.001 -15"><span class='ocrx_word' id='word_1_200' title='bbox 103 1862 191 1909; x_wconf 87' lang='lat' dir='ltr'>quia</span> <span class='ocrx_word' id='word_1_201' title='bbox 212 1862 383 1898; x_wconf 80' lang='lat' dir='ltr'>Salvator</span> <span class='ocrx_word' id='word_1_202' title='bbox 405 1864 460 1896; x_wconf 87' lang='lat' dir='ltr'>est</span> <span class='ocrx_word' id='word_1_203' title='bbox 487 1859 658 1896; x_wconf 89' lang='lat' dir='ltr'>Christus</span> <span class='ocrx_word' id='word_1_204' title='bbox 677 1862 885 1913; x_wconf 81' lang='lat' dir='ltr'>secundum</span> 
     </span>
     <span class='ocr_line' id='line_1_38' title="bbox 102 1908 885 1954; baseline -0.004 -8"><span class='ocrx_word' id='word_1_205' title='bbox 102 1913 279 1946; x_wconf 84' lang='lat' dir='ltr'>naturam</span> <span class='ocrx_word' id='word_1_206' title='bbox 302 1912 499 1954; x_wconf 80' lang='lat' dir='ltr'>utramque</span> <span class='ocrx_word' id='word_1_207' title='bbox 520 1920 528 1943; x_wconf 90' lang='lat'>:</span> <span class='ocrx_word' id='word_1_208' title='bbox 559 1909 768 1943; x_wconf 83' lang='lat' dir='ltr'>secundum</span> <span class='ocrx_word' id='word_1_209' title='bbox 791 1908 885 1943; x_wconf 78' lang='lat' dir='ltr'>clivi-</span> 
     </span>
     <span class='ocr_line' id='line_1_39' title="bbox 102 1955 883 2000; baseline -0.003 -7"><span class='ocrx_word' id='word_1_210' title='bbox 102 1968 204 2000; x_wconf 89' lang='lat' dir='ltr'>nam,</span> <span class='ocrx_word' id='word_1_211' title='bbox 225 1956 418 1999; x_wconf 82' lang='lat' dir='ltr'>effective;</span> <span class='ocrx_word' id='word_1_212' title='bbox 437 1955 643 1991; x_wconf 87' lang='lat' dir='ltr'>secundum</span> <span class='ocrx_word' id='word_1_213' title='bbox 663 1956 883 2000; x_wconf 78' lang='lat' dir='ltr'>humanam,</span> 
     </span>
     <span class='ocr_line' id='line_1_40' title="bbox 101 2003 886 2048; baseline -0.001 -8"><span class='ocrx_word' id='word_1_214' title='bbox 101 2003 308 2040; x_wconf 79' lang='lat' dir='ltr'>meritorie.</span> <span class='ocrx_word' id='word_1_215' title='bbox 332 2005 376 2038; x_wconf 87' lang='lat' dir='ltr'>Et</span> <span class='ocrx_word' id='word_1_216' title='bbox 394 2003 440 2038; x_wconf 87' lang='lat' dir='ltr'>ad</span> <span class='ocrx_word' id='word_1_217' title='bbox 459 2003 654 2038; x_wconf 81' lang='lat' dir='ltr'>sciendum</span> <span class='ocrx_word' id='word_1_218' title='bbox 674 2003 719 2038; x_wconf 90' lang='lat' dir='ltr'>de</span> <span class='ocrx_word' id='word_1_219' title='bbox 743 2014 815 2048; x_wconf 79' lang='lat' dir='ltr'>qua</span> <span class='ocrx_word' id='word_1_220' title='bbox 831 2014 886 2039; x_wconf 87' lang='lat' dir='ltr'>sa-</span> 
     </span>
     <span class='ocr_line' id='line_1_41' title="bbox 101 2050 885 2097; baseline -0.001 -10"><span class='ocrx_word' id='word_1_221' title='bbox 101 2051 180 2087; x_wconf 88' lang='lat' dir='ltr'>lute</span> <span class='ocrx_word' id='word_1_222' title='bbox 211 2050 459 2097; x_wconf 86' lang='lat' dir='ltr'>intelligatur,</span> <span class='ocrx_word' id='word_1_223' title='bbox 483 2050 738 2085; x_wconf 82' lang='lat' dir='ltr'>determinant</span> <span class='ocrx_word' id='word_1_224' title='bbox 761 2050 826 2095; x_wconf 86' lang='lat' dir='ltr'>ubi</span> <span class='ocrx_word' id='word_1_225' title='bbox 846 2062 885 2086; x_wconf 85' lang='lat' dir='ltr'>se</span> 
     </span>
     <span class='ocr_line' id='line_1_42' title="bbox 100 2097 886 2143; baseline -0.003 -9"><span class='ocrx_word' id='word_1_226' title='bbox 100 2098 220 2135; x_wconf 88' lang='lat' dir='ltr'>velint</span> <span class='ocrx_word' id='word_1_227' title='bbox 244 2097 397 2143; x_wconf 82' lang='lat' dir='ltr'>salvari,</span> <span class='ocrx_word' id='word_1_228' title='bbox 427 2097 568 2133; x_wconf 74' lang='lat' dir='ltr'>scilicet</span> <span class='ocrx_word' id='word_1_229' title='bbox 605 2100 644 2132; x_wconf 76' lang='lat' dir='ltr'>in</span> <span class='ocrx_word' id='word_1_230' title='bbox 677 2099 886 2141; x_wconf 56' lang='lat' dir='ltr'>altissimis,</span> 
     </span>
     <span class='ocr_line' id='line_1_43' title="bbox 100 2144 887 2189; baseline -0.001 -8"><span class='ocrx_word' id='word_1_231' title='bbox 100 2146 140 2182; x_wconf 94' lang='lat' dir='ltr'>id</span> <span class='ocrx_word' id='word_1_232' title='bbox 161 2149 217 2181; x_wconf 77' lang='lat' dir='ltr'>est</span> <span class='ocrx_word' id='word_1_233' title='bbox 238 2146 274 2181; x_wconf 92' lang='lat' dir='ltr'>in</span> <span class='ocrx_word' id='word_1_234' title='bbox 292 2144 521 2189; x_wconf 78' lang='lat' dir='ltr'>coelestibus,</span> <span class='ocrx_word' id='word_1_235' title='bbox 542 2151 620 2180; x_wconf 85' lang='lat' dir='ltr'>non</span> <span class='ocrx_word' id='word_1_236' title='bbox 636 2144 675 2180; x_wconf 91' lang='lat' dir='ltr'>in</span> <span class='ocrx_word' id='word_1_237' title='bbox 690 2144 830 2180; x_wconf 83' lang='lat' dir='ltr'>infimis</span> <span class='ocrx_word' id='word_1_238' title='bbox 852 2148 887 2181; x_wconf 88' lang='lat' dir='ltr'>et</span> 
     </span>
     <span class='ocr_line' id='line_1_44' title="bbox 100 2192 886 2238; baseline -0.003 -9"><span class='ocrx_word' id='word_1_239' title='bbox 100 2192 278 2229; x_wconf 88' lang='lat' dir='ltr'>terrenis.</span> <span class='ocrx_word' id='word_1_240' title='bbox 303 2193 413 2229; x_wconf 88' lang='lat' dir='ltr'>Salva</span> <span class='ocrx_word' id='word_1_241' title='bbox 433 2192 470 2227; x_wconf 89' lang='lat' dir='ltr'>in</span> <span class='ocrx_word' id='word_1_242' title='bbox 495 2192 664 2236; x_wconf 89' lang='lat' dir='ltr'>excelsis,</span> <span class='ocrx_word' id='word_1_243' title='bbox 688 2192 748 2237; x_wconf 82' lang='lat' dir='ltr'>qui</span> <span class='ocrx_word' id='word_1_244' title='bbox 782 2194 886 2238; x_wconf 90' lang='lat' dir='ltr'>prius</span> 
     </span>
     <span class='ocr_line' id='line_1_45' title="bbox 102 2239 887 2285; baseline -0.003 -9"><span class='ocrx_word' id='word_1_245' title='bbox 102 2240 268 2277; x_wconf 83' lang='lat' dir='ltr'>salvabis</span> <span class='ocrx_word' id='word_1_246' title='bbox 282 2241 329 2276; x_wconf 87' lang='lat' dir='ltr'>ab</span> <span class='ocrx_word' id='word_1_247' title='bbox 344 2239 488 2275; x_wconf 79' lang='lat' dir='ltr'>interis.</span> <span class='ocrx_word' id='word_1_248' title='bbox 505 2241 599 2275; x_wconf 85' lang='lat' dir='ltr'>Ecce</span> <span class='ocrx_word' id='word_1_249' title='bbox 611 2239 746 2285; x_wconf 79' lang='lat' dir='ltr'>duplex</span> <span class='ocrx_word' id='word_1_250' title='bbox 764 2242 887 2275; x_wconf 88' lang='lat' dir='ltr'>salus:</span> 
     </span>
    </p>
   </div>
   <div class='ocr_carea' id='block_1_6' title="bbox 101 2333 892 2853">
    <p class='ocr_par' dir='ltr' id='par_1_7' title="bbox 101 2333 892 2853">
     <span class='ocr_line' id='line_1_46' title="bbox 101 2333 887 2381; baseline -0.003 -10"><span class='ocrx_word' id='word_1_251' title='bbox 101 2335 242 2371; x_wconf 87' lang='lat' dir='ltr'>latione</span> <span class='ocrx_word' id='word_1_252' title='bbox 264 2334 418 2381; x_wconf 80' lang='lat' dir='ltr'>gloriae3</span> <span class='ocrx_word' id='word_1_253' title='bbox 442 2333 507 2370; x_wconf 88' lang='lat' dir='ltr'>ubi</span> <span class='ocrx_word' id='word_1_254' title='bbox 532 2334 732 2370; x_wconf 86' lang='lat' dir='ltr'>manifeste</span> <span class='ocrx_word' id='word_1_255' title='bbox 759 2337 887 2369; x_wconf 88' lang='lat' dir='ltr'>osten-</span> 
     </span>
     <span class='ocr_line' id='line_1_47' title="bbox 102 2381 890 2428; baseline -0.003 -10"><span class='ocrx_word' id='word_1_256' title='bbox 102 2382 217 2426; x_wconf 89' lang='lat' dir='ltr'>ditur,</span> <span class='ocrx_word' id='word_1_257' title='bbox 239 2382 339 2428; x_wconf 90' lang='lat' dir='ltr'>quod</span> <span class='ocrx_word' id='word_1_258' title='bbox 353 2382 538 2418; x_wconf 87' lang='lat' dir='ltr'>adventus</span> <span class='ocrx_word' id='word_1_259' title='bbox 560 2381 699 2417; x_wconf 83' lang='lat' dir='ltr'>Christi</span> <span class='ocrx_word' id='word_1_260' title='bbox 716 2392 789 2417; x_wconf 90' lang='lat' dir='ltr'>non</span> <span class='ocrx_word' id='word_1_261' title='bbox 810 2385 890 2416; x_wconf 87' lang='lat' dir='ltr'>tan-</span> 
     </span>
     <span class='ocr_line' id='line_1_48' title="bbox 107 2428 890 2466; baseline -0.001 -1"><span class='ocrx_word' id='word_1_262' title='bbox 107 2432 186 2465; x_wconf 88' lang='lat' dir='ltr'>tum</span> <span class='ocrx_word' id='word_1_263' title='bbox 207 2429 414 2466; x_wconf 89' lang='lat' dir='ltr'>hominum.</span> <span class='ocrx_word' id='word_1_264' title='bbox 440 2429 506 2465; x_wconf 89' lang='lat' dir='ltr'>sed</span> <span class='ocrx_word' id='word_1_265' title='bbox 531 2428 649 2464; x_wconf 88' lang='lat' dir='ltr'>totius</span> <span class='ocrx_word' id='word_1_266' title='bbox 670 2428 801 2464; x_wconf 86' lang='lat' dir='ltr'>mundi</span> <span class='ocrx_word' id='word_1_267' title='bbox 823 2439 890 2464; x_wconf 89' lang='lat' dir='ltr'>sa—</span> 
     </span>
     <span class='ocr_line' id='line_1_49' title="bbox 103 2475 889 2522; baseline 0 -11"><span class='ocrx_word' id='word_1_268' title='bbox 103 2475 161 2512; x_wconf 91' lang='lat' dir='ltr'>lus</span> <span class='ocrx_word' id='word_1_269' title='bbox 182 2480 251 2522; x_wconf 86' lang='lat' dir='ltr'>est,</span> <span class='ocrx_word' id='word_1_270' title='bbox 279 2477 321 2512; x_wconf 88' lang='lat' dir='ltr'>in</span> <span class='ocrx_word' id='word_1_271' title='bbox 339 2476 443 2512; x_wconf 81' lang='lat' dir='ltr'>coelis</span> <span class='ocrx_word' id='word_1_272' title='bbox 477 2475 572 2511; x_wconf 87' lang='lat' dir='ltr'>etin</span> <span class='ocrx_word' id='word_1_273' title='bbox 598 2476 724 2521; x_wconf 88' lang='lat' dir='ltr'>terris,</span> <span class='ocrx_word' id='word_1_274' title='bbox 750 2479 787 2511; x_wconf 88' lang='lat' dir='ltr'>et</span> <span class='ocrx_word' id='word_1_275' title='bbox 813 2479 889 2511; x_wconf 88' lang='lat' dir='ltr'>ter-</span> 
     </span>
     <span class='ocr_line' id='line_1_50' title="bbox 101 2523 892 2570; baseline 0 -12"><span class='ocrx_word' id='word_1_276' title='bbox 101 2533 197 2559; x_wconf 86' lang='lat' dir='ltr'>rena</span> <span class='ocrx_word' id='word_1_277' title='bbox 215 2525 445 2570; x_wconf 72' lang='lat' dir='ltr'>conjungens</span> <span class='ocrx_word' id='word_1_278' title='bbox 466 2523 681 2559; x_wconf 86' lang='lat' dir='ltr'>coelestibus</span> <span class='ocrx_word' id='word_1_279' title='bbox 699 2535 707 2558; x_wconf 72' lang='grc' dir='ltr'>ε</span> <span class='ocrx_word' id='word_1_280' title='bbox 732 2526 777 2559; x_wconf 79' lang='lat' dir='ltr'>Ut</span> <span class='ocrx_word' id='word_1_281' title='bbox 791 2534 892 2558; x_wconf 74' lang='lat' dir='ltr'>omne</span> 
     </span>
     <span class='ocr_line' id='line_1_51' title="bbox 106 2570 892 2616; baseline 0 -11"><span class='ocrx_word' id='word_1_282' title='bbox 106 2581 201 2614; x_wconf 73' lang='lat' dir='ltr'>yenu</span> <span class='ocrx_word' id='word_1_283' title='bbox 237 2570 308 2607; x_wconf 85' lang='lat' dir='ltr'>sibi</span> <span class='ocrx_word' id='word_1_284' title='bbox 348 2574 514 2616; x_wconf 72' lang='lat' dir='ltr'>flectatur</span> <span class='ocrx_word' id='word_1_285' title='bbox 551 2572 758 2611; x_wconf 64' lang='lat' dir='ltr'>coelestium„</span> <span class='ocrx_word' id='word_1_286' title='bbox 788 2576 892 2606; x_wconf 73' lang='lat' dir='ltr'>terre-</span> 
     </span>
     <span class='ocr_line' id='line_1_52' title="bbox 107 2618 891 2662; baseline 0 -10"><span class='ocrx_word' id='word_1_287' title='bbox 107 2619 256 2659; x_wconf 75' lang='lat' dir='ltr'>strium,</span> <span class='ocrx_word' id='word_1_288' title='bbox 279 2621 311 2653; x_wconf 76' lang='lat' dir='ltr'>et</span> <span class='ocrx_word' id='word_1_289' title='bbox 337 2620 579 2662; x_wconf 71' lang='lat' dir='ltr'>infernorum.</span> <span class='ocrx_word' id='word_1_290' title='bbox 602 2618 770 2662; x_wconf 87' lang='lat' dir='ltr'>Christus</span> <span class='ocrx_word' id='word_1_291' title='bbox 790 2618 891 2653; x_wconf 89' lang='lat' dir='ltr'>enim</span> 
     </span>
     <span class='ocr_line' id='line_1_53' title="bbox 108 2664 889 2701; baseline 0 -2"><span class='ocrx_word' id='word_1_292' title='bbox 108 2664 284 2701; x_wconf 84' lang='lat' dir='ltr'>veniebat</span> <span class='ocrx_word' id='word_1_293' title='bbox 315 2665 363 2700; x_wconf 86' lang='lat' dir='ltr'>ad</span> <span class='ocrx_word' id='word_1_294' title='bbox 397 2665 560 2701; x_wconf 88' lang='lat' dir='ltr'>dandam</span> <span class='ocrx_word' id='word_1_295' title='bbox 591 2665 749 2701; x_wconf 85' lang='lat' dir='ltr'>salutem</span> <span class='ocrx_word' id='word_1_296' title='bbox 777 2664 889 2700; x_wconf 78' lang='lat' dir='ltr'>ccele-</span> 
     </span>
     <span class='ocr_line' id='line_1_54' title="bbox 108 2711 890 2764; baseline -0.001 -17"><span class='ocrx_word' id='word_1_297' title='bbox 108 2714 203 2747; x_wconf 87' lang='lat' dir='ltr'>stem</span> <span class='ocrx_word' id='word_1_298' title='bbox 220 2715 257 2748; x_wconf 88' lang='lat' dir='ltr'>et</span> <span class='ocrx_word' id='word_1_299' title='bbox 275 2715 471 2756; x_wconf 85' lang='lat' dir='ltr'>aeternam,</span> <span class='ocrx_word' id='word_1_300' title='bbox 494 2716 531 2748; x_wconf 87' lang='lat' dir='ltr'>et</span> <span class='ocrx_word' id='word_1_301' title='bbox 551 2713 647 2748; x_wconf 88' lang='lat' dir='ltr'>forte</span> <span class='ocrx_word' id='word_1_302' title='bbox 669 2712 756 2748; x_wconf 61' lang='lat' dir='ltr'>lic-ct</span> <span class='ocrx_word' id='word_1_303' title='bbox 776 2711 890 2764; x_wconf 77' lang='lat' dir='ltr'>subli-</span> 
     </span>
     <span class='ocr_line' id='line_1_55' title="bbox 106 2759 891 2805; baseline 0.001 -11"><span class='ocrx_word' id='word_1_304' title='bbox 106 2760 276 2795; x_wconf 82' lang='lat' dir='ltr'>mitatem</span> <span class='ocrx_word' id='word_1_305' title='bbox 312 2759 419 2805; x_wconf 85' lang='lat' dir='ltr'>regni</span> <span class='ocrx_word' id='word_1_306' title='bbox 449 2759 582 2795; x_wconf 80' lang='lat' dir='ltr'>aeterni</span> <span class='ocrx_word' id='word_1_307' title='bbox 610 2763 646 2796; x_wconf 83' lang='lat' dir='ltr'>et</span> <span class='ocrx_word' id='word_1_308' title='bbox 671 2759 891 2805; x_wconf 81' lang='lat' dir='ltr'>temporahs</span> 
     </span>
     <span class='ocr_line' id='line_1_56' title="bbox 104 2806 890 2853; baseline -0.001 -10"><span class='ocrx_word' id='word_1_309' title='bbox 104 2807 300 2852; x_wconf 83' lang='lat' dir='ltr'>petebant,</span> <span class='ocrx_word' id='word_1_310' title='bbox 328 2810 458 2843; x_wconf 85' lang='lat' dir='ltr'>tamen</span> <span class='ocrx_word' id='word_1_311' title='bbox 494 2806 708 2843; x_wconf 83' lang='lat' dir='ltr'>nescientes</span> <span class='ocrx_word' id='word_1_312' title='bbox 728 2807 890 2853; x_wconf 87' lang='lat' dir='ltr'>prophe-</span> 
     </span>
    </p>
   </div>
   <div class='ocr_carea' id='block_1_7' title="bbox 187 2869 771 2910">
    <p class='ocr_par' dir='ltr' id='par_1_8' title="bbox 187 2869 771 2910">
     <span class='ocr_line' id='line_1_57' title="bbox 187 2869 771 2910; baseline -0.005 -7"><span class='ocrx_word' id='word_1_313' title='bbox 187 2869 280 2903; x_wconf 72' lang='lat' dir='ltr'>Vrm</span> <span class='ocrx_word' id='word_1_314' title='bbox 298 2870 386 2903; x_wconf 81' lang='lat' dir='ltr'>JESU</span> <span class='ocrx_word' id='word_1_315' title='bbox 401 2869 557 2910; x_wconf 73' lang='lat' dir='ltr'>Cflms&#39;m,</span> <span class='ocrx_word' id='word_1_316' title='bbox 572 2879 685 2904; x_wconf 76' lang='lat' dir='ltr'>Tomos</span> <span class='ocrx_word' id='word_1_317' title='bbox 705 2870 771 2902; x_wconf 88' lang='lat' dir='ltr'><strong>III.</strong></span> 
     </span>
    </p>
   </div>
   <div class='ocr_carea' id='block_1_8' title="bbox 922 602 931 2446">
    <p class='ocr_par' dir='ltr' id='par_1_9' title="bbox 922 602 931 2446">
     <span class='ocr_line' id='line_1_58' title="bbox 922 602 931 2446; baseline 0 0"><span class='ocrx_word' id='word_1_318' title='bbox 922 602 931 2446; x_wconf 95' lang='lat' dir='ltr'> </span> 
     </span>
    </p>
   </div>
   <div class='ocr_carea' id='block_1_9' title="bbox 1025 188 1746 231">
    <p class='ocr_par' dir='ltr' id='par_1_10' title="bbox 1025 188 1746 231">
     <span class='ocr_line' id='line_1_59' title="bbox 1025 188 1746 231; baseline 0.014 -10"><span class='ocrx_word' id='word_1_319' title='bbox 1025 188 1345 224; x_wconf 85' lang='lat' dir='ltr'>SUSCEPTIONE.</span> <span class='ocrx_word' id='word_1_320' title='bbox 1679 198 1746 231; x_wconf 79' lang='lat'>177</span> 
     </span>
    </p>
   </div>
   <div class='ocr_carea' id='block_1_10' title="bbox 958 257 1747 1396">
    <p class='ocr_par' dir='ltr' id='par_1_11' title="bbox 958 257 1747 1396">
     <span class='ocr_line' id='line_1_60' title="bbox 958 257 1739 312; baseline 0.015 -19"><span class='ocrx_word' id='word_1_321' title='bbox 958 257 1031 294; x_wconf 84' lang='lat' dir='ltr'>tice</span> <span class='ocrx_word' id='word_1_322' title='bbox 1053 269 1136 295; x_wconf 86' lang='lat' dir='ltr'>eum</span> <span class='ocrx_word' id='word_1_323' title='bbox 1167 260 1306 306; x_wconf 79' lang='lat' dir='ltr'>Regem</span> <span class='ocrx_word' id='word_1_324' title='bbox 1340 262 1421 297; x_wconf 78' lang='lat' dir='ltr'>coeli</span> <span class='ocrx_word' id='word_1_325' title='bbox 1443 267 1479 298; x_wconf 90' lang='lat' dir='ltr'>et</span> <span class='ocrx_word' id='word_1_326' title='bbox 1510 266 1739 312; x_wconf 80' lang='lat' dir='ltr'>Angelorum</span> 
     </span>
     <span class='ocr_line' id='line_1_61' title="bbox 958 305 1740 351; baseline 0.014 -11"><span class='ocrx_word' id='word_1_327' title='bbox 958 305 1230 351; x_wconf 77' lang='lat' dir='ltr'>praedicabant.</span> <span class='ocrx_word' id='word_1_328' title='bbox 1260 309 1303 342; x_wconf 89' lang='lat' dir='ltr'>Et</span> <span class='ocrx_word' id='word_1_329' title='bbox 1339 308 1409 345; x_wconf 81' lang='lat' dir='ltr'>hoe</span> <span class='ocrx_word' id='word_1_330' title='bbox 1436 310 1564 348; x_wconf 85' lang='lat' dir='ltr'>diVina</span> <span class='ocrx_word' id='word_1_331' title='bbox 1587 315 1740 351; x_wconf 85' lang='lat' dir='ltr'>ordina-</span> 
     </span>
     <span class='ocr_line' id='line_1_62' title="bbox 959 352 1740 400; baseline 0.014 -13"><span class='ocrx_word' id='word_1_332' title='bbox 959 352 1060 389; x_wconf 79' lang='lat' dir='ltr'>tione</span> <span class='ocrx_word' id='word_1_333' title='bbox 1100 355 1388 400; x_wconf 83' lang='lat' dir='ltr'>significabatur</span> <span class='ocrx_word' id='word_1_334' title='bbox 1422 359 1547 394; x_wconf 85' lang='lat' dir='ltr'>verbis</span> <span class='ocrx_word' id='word_1_335' title='bbox 1585 361 1740 398; x_wconf 87' lang='lat' dir='ltr'>laudan-</span> 
     </span>
     <span class='ocr_line' id='line_1_63' title="bbox 958 400 1743 445; baseline 0.011 -10"><span class='ocrx_word' id='word_1_336' title='bbox 958 400 1066 445; x_wconf 83' lang='lat' dir='ltr'>tium,</span> <span class='ocrx_word' id='word_1_337' title='bbox 1089 412 1173 437; x_wconf 83' lang='lat' dir='ltr'>cum</span> <span class='ocrx_word' id='word_1_338' title='bbox 1195 402 1373 438; x_wconf 82' lang='lat' dir='ltr'>dicebant</span> <span class='ocrx_word' id='word_1_339' title='bbox 1395 415 1402 438; x_wconf 89' lang='lat'>:</span> <span class='ocrx_word' id='word_1_340' title='bbox 1428 407 1601 441; x_wconf 77' lang='lat' dir='ltr'>Hosamza</span> <span class='ocrx_word' id='word_1_341' title='bbox 1621 411 1659 443; x_wconf 77' lang='lat' dir='ltr'>in</span> <span class='ocrx_word' id='word_1_342' title='bbox 1684 421 1743 445; x_wconf 67' lang='lat' dir='ltr'>em-</span> 
     </span>
     <span class='ocr_line' id='line_1_64' title="bbox 958 449 1744 495; baseline 0.013 -13"><span class='ocrx_word' id='word_1_343' title='bbox 958 449 1078 492; x_wconf 78' lang='lat' dir='ltr'>eelsz‘s,</span> <span class='ocrx_word' id='word_1_344' title='bbox 1107 449 1207 495; x_wconf 87' lang='lat' dir='ltr'>quod</span> <span class='ocrx_word' id='word_1_345' title='bbox 1235 453 1290 485; x_wconf 79' lang='lat' dir='ltr'>est</span> <span class='ocrx_word' id='word_1_346' title='bbox 1320 451 1482 487; x_wconf 80' lang='lat' dir='ltr'>salutem</span> <span class='ocrx_word' id='word_1_347' title='bbox 1513 456 1694 491; x_wconf 76' lang='lat' dir='ltr'>aeternam</span> <span class='ocrx_word' id='word_1_348' title='bbox 1722 468 1744 492; x_wconf 84' lang='lat' dir='ltr'>a</span> 
     </span>
     <span class='ocr_line' id='line_1_65' title="bbox 958 495 1742 542; baseline 0.01 -12"><span class='ocrx_word' id='word_1_349' title='bbox 958 495 1119 532; x_wconf 75' lang='lat' dir='ltr'>Dommo</span> <span class='ocrx_word' id='word_1_350' title='bbox 1140 499 1283 542; x_wconf 89' lang='lat' dir='ltr'>petere,</span> <span class='ocrx_word' id='word_1_351' title='bbox 1306 497 1393 533; x_wconf 72' lang='lat' dir='ltr'>livet</span> <span class='ocrx_word' id='word_1_352' title='bbox 1413 499 1484 535; x_wconf 86' lang='lat' dir='ltr'>hoc</span> <span class='ocrx_word' id='word_1_353' title='bbox 1504 511 1580 535; x_wconf 87' lang='lat' dir='ltr'>non</span> <span class='ocrx_word' id='word_1_354' title='bbox 1600 500 1742 538; x_wconf 87' lang='lat' dir='ltr'>intelli-</span> 
     </span>
     <span class='ocr_line' id='line_1_66' title="bbox 958 544 1744 591; baseline 0.01 -14"><span class='ocrx_word' id='word_1_355' title='bbox 958 546 1109 588; x_wconf 81' lang='lat' dir='ltr'>gerent3</span> <span class='ocrx_word' id='word_1_356' title='bbox 1127 544 1223 579; x_wconf 79' lang='lat' dir='ltr'>sicut</span> <span class='ocrx_word' id='word_1_357' title='bbox 1241 547 1278 580; x_wconf 93' lang='lat' dir='ltr'>et</span> <span class='ocrx_word' id='word_1_358' title='bbox 1291 544 1452 591; x_wconf 81' lang='lat' dir='ltr'>Caiplias</span> <span class='ocrx_word' id='word_1_359' title='bbox 1473 546 1565 583; x_wconf 87' lang='lat' dir='ltr'>dixit</span> <span class='ocrx_word' id='word_1_360' title='bbox 1584 553 1744 585; x_wconf 88' lang='lat' dir='ltr'>mortem</span> 
     </span>
     <span class='ocr_line' id='line_1_67' title="bbox 959 590 1743 640; baseline 0.01 -16"><span class='ocrx_word' id='word_1_361' title='bbox 959 590 1095 625; x_wconf 83' lang='lat' dir='ltr'>Christi</span> <span class='ocrx_word' id='word_1_362' title='bbox 1135 592 1303 627; x_wconf 85' lang='lat' dir='ltr'>suturam</span> <span class='ocrx_word' id='word_1_363' title='bbox 1342 603 1410 638; x_wconf 88' lang='lat' dir='ltr'>pro</span> <span class='ocrx_word' id='word_1_364' title='bbox 1440 594 1559 630; x_wconf 87' lang='lat' dir='ltr'>salute</span> <span class='ocrx_word' id='word_1_365' title='bbox 1600 597 1743 640; x_wconf 89' lang='lat' dir='ltr'>mundi,</span> 
     </span>
     <span class='ocr_line' id='line_1_68' title="bbox 958 636 1745 686; baseline 0.011 -15"><span class='ocrx_word' id='word_1_366' title='bbox 958 636 1045 672; x_wconf 81' lang='lat' dir='ltr'>licet</span> <span class='ocrx_word' id='word_1_367' title='bbox 1066 649 1140 673; x_wconf 91' lang='lat' dir='ltr'>non</span> <span class='ocrx_word' id='word_1_368' title='bbox 1153 638 1383 685; x_wconf 86' lang='lat' dir='ltr'>intelligeret</span> <span class='ocrx_word' id='word_1_369' title='bbox 1399 641 1488 686; x_wconf 79' lang='lat' dir='ltr'>quid</span> <span class='ocrx_word' id='word_1_370' title='bbox 1505 641 1661 678; x_wconf 88' lang='lat' dir='ltr'>diceret.</span> <span class='ocrx_word' id='word_1_371' title='bbox 1676 644 1745 680; x_wconf 89' lang='lat' dir='ltr'>Ubi</span> 
     </span>
     <span class='ocr_line' id='line_1_69' title="bbox 960 686 1745 735; baseline 0.008 -15"><span class='ocrx_word' id='word_1_372' title='bbox 960 686 1262 727; x_wconf 66' lang='lat' dir='ltr'>chrysostomus:</span> <span class='ocrx_word' id='word_1_373' title='bbox 1295 700 1311 720; x_wconf 89' lang='lat'>«</span> <span class='ocrx_word' id='word_1_374' title='bbox 1337 688 1386 722; x_wconf 76' lang='lat' dir='ltr'>Ex</span> <span class='ocrx_word' id='word_1_375' title='bbox 1417 688 1475 724; x_wconf 87' lang='lat' dir='ltr'>his</span> <span class='ocrx_word' id='word_1_376' title='bbox 1497 699 1587 735; x_wconf 77' lang='lat' dir='ltr'>ergo</span> <span class='ocrx_word' id='word_1_377' title='bbox 1619 690 1745 727; x_wconf 89' lang='lat' dir='ltr'>verbis</span> 
     </span>
     <span class='ocr_line' id='line_1_70' title="bbox 958 732 1746 779; baseline 0.009 -13"><span class='ocrx_word' id='word_1_378' title='bbox 958 732 1183 777; x_wconf 78' lang='lat' dir='ltr'>colligimus,</span> <span class='ocrx_word' id='word_1_379' title='bbox 1220 734 1323 779; x_wconf 84' lang='lat' dir='ltr'>quod</span> <span class='ocrx_word' id='word_1_380' title='bbox 1349 736 1448 770; x_wconf 89' lang='lat' dir='ltr'>Deus</span> <span class='ocrx_word' id='word_1_381' title='bbox 1475 739 1543 771; x_wconf 87' lang='lat' dir='ltr'>est.</span> <span class='ocrx_word' id='word_1_382' title='bbox 1566 738 1746 773; x_wconf 88' lang='lat' dir='ltr'>Hosanna</span> 
     </span>
     <span class='ocr_line' id='line_1_71' title="bbox 958 779 1743 828; baseline 0.01 -15"><span class='ocrx_word' id='word_1_383' title='bbox 958 779 1059 814; x_wconf 85' lang='lat' dir='ltr'>onim</span> <span class='ocrx_word' id='word_1_384' title='bbox 1081 780 1205 816; x_wconf 86' lang='lat' dir='ltr'>salvos</span> <span class='ocrx_word' id='word_1_385' title='bbox 1239 782 1297 816; x_wconf 82' lang='lat' dir='ltr'>fao</span> <span class='ocrx_word' id='word_1_386' title='bbox 1326 781 1617 828; x_wconf 84' lang='lat' dir='ltr'>interpretatur;</span> <span class='ocrx_word' id='word_1_387' title='bbox 1643 785 1743 821; x_wconf 85' lang='lat' dir='ltr'>salu-</span> 
     </span>
     <span class='ocr_line' id='line_1_72' title="bbox 958 828 1740 875; baseline 0.009 -14"><span class='ocrx_word' id='word_1_388' title='bbox 958 828 1034 861; x_wconf 87' lang='lat' dir='ltr'>tem</span> <span class='ocrx_word' id='word_1_389' title='bbox 1054 830 1181 863; x_wconf 85' lang='lat' dir='ltr'>autem</span> <span class='ocrx_word' id='word_1_390' title='bbox 1203 829 1280 863; x_wconf 89' lang='lat' dir='ltr'>Deo</span> <span class='ocrx_word' id='word_1_391' title='bbox 1303 829 1496 875; x_wconf 78' lang='lat' dir='ltr'>Scriptura</span> <span class='ocrx_word' id='word_1_392' title='bbox 1516 831 1702 868; x_wconf 84' lang='lat' dir='ltr'>attribuit.</span> <span class='ocrx_word' id='word_1_393' title='bbox 1722 846 1740 864; x_wconf 69' lang='lat'>&gt;³</span> 
     </span>
     <span class='ocr_line' id='line_1_73' title="bbox 958 874 1742 922; baseline 0.009 -14"><span class='ocrx_word' id='word_1_394' title='bbox 958 874 1002 908; x_wconf 91' lang='lat' dir='ltr'>Et</span> <span class='ocrx_word' id='word_1_395' title='bbox 1026 876 1248 918; x_wconf 73' lang='lat' dir='ltr'>notan-lum,</span> <span class='ocrx_word' id='word_1_396' title='bbox 1284 875 1372 921; x_wconf 82' lang='lat' dir='ltr'>quia</span> <span class='ocrx_word' id='word_1_397' title='bbox 1399 878 1499 922; x_wconf 85' lang='lat' dir='ltr'>quod</span> <span class='ocrx_word' id='word_1_398' title='bbox 1531 878 1669 915; x_wconf 89' lang='lat' dir='ltr'>dicitur</span> <span class='ocrx_word' id='word_1_399' title='bbox 1703 878 1742 914; x_wconf 90' lang='lat' dir='ltr'>in</span> 
     </span>
     <span class='ocr_line' id='line_1_74' title="bbox 959 920 1742 969; baseline 0.01 -14"><span class='ocrx_word' id='word_1_400' title='bbox 959 920 1130 965; x_wconf 83' lang='lat' dir='ltr'>excelsis,</span> <span class='ocrx_word' id='word_1_401' title='bbox 1151 921 1300 968; x_wconf 85' lang='lat' dir='ltr'>signum</span> <span class='ocrx_word' id='word_1_402' title='bbox 1323 927 1380 958; x_wconf 90' lang='lat' dir='ltr'>est</span> <span class='ocrx_word' id='word_1_403' title='bbox 1402 925 1504 969; x_wconf 79' lang='lat' dir='ltr'>quod</span> <span class='ocrx_word' id='word_1_404' title='bbox 1530 925 1567 960; x_wconf 90' lang='lat' dir='ltr'>in</span> <span class='ocrx_word' id='word_1_405' title='bbox 1590 926 1742 963; x_wconf 86' lang='lat' dir='ltr'>inferio-</span> 
     </span>
     <span class='ocr_line' id='line_1_75' title="bbox 958 969 1744 1020; baseline 0.01 -18"><span class='ocrx_word' id='word_1_406' title='bbox 958 969 1062 1003; x_wconf 82' lang='lat' dir='ltr'>ribus</span> <span class='ocrx_word' id='word_1_407' title='bbox 1077 979 1154 1004; x_wconf 92' lang='lat' dir='ltr'>non</span> <span class='ocrx_word' id='word_1_408' title='bbox 1174 972 1231 1005; x_wconf 84' lang='lat' dir='ltr'>est</span> <span class='ocrx_word' id='word_1_409' title='bbox 1250 970 1362 1015; x_wconf 87' lang='lat' dir='ltr'>salus,</span> <span class='ocrx_word' id='word_1_410' title='bbox 1382 972 1448 1007; x_wconf 88' lang='lat' dir='ltr'>sed</span> <span class='ocrx_word' id='word_1_411' title='bbox 1470 972 1664 1018; x_wconf 84' lang='lat' dir='ltr'>multiplex</span> <span class='ocrx_word' id='word_1_412' title='bbox 1683 984 1744 1020; x_wconf 86' lang='lat' dir='ltr'>pe-</span> 
     </span>
     <span class='ocr_line' id='line_1_76' title="bbox 959 1014 1745 1065; baseline 0.009 -15"><span class='ocrx_word' id='word_1_413' title='bbox 959 1014 1143 1061; x_wconf 86' lang='lat' dir='ltr'>riculum;</span> <span class='ocrx_word' id='word_1_414' title='bbox 1169 1017 1234 1052; x_wconf 87' lang='lat' dir='ltr'>sed</span> <span class='ocrx_word' id='word_1_415' title='bbox 1268 1017 1306 1052; x_wconf 89' lang='lat' dir='ltr'>in</span> <span class='ocrx_word' id='word_1_416' title='bbox 1342 1018 1513 1064; x_wconf 82' lang='lat' dir='ltr'>excelsis,</span> <span class='ocrx_word' id='word_1_417' title='bbox 1550 1030 1634 1065; x_wconf 69' lang='lat' dir='ltr'>quae</span> <span class='ocrx_word' id='word_1_418' title='bbox 1666 1021 1745 1057; x_wconf 88' lang='lat' dir='ltr'>sola</span> 
     </span>
     <span class='ocr_line' id='line_1_77' title="bbox 960 1062 1743 1112; baseline 0.009 -15"><span class='ocrx_word' id='word_1_419' title='bbox 960 1062 1129 1099; x_wconf 82' lang='lat' dir='ltr'>coelestia</span> <span class='ocrx_word' id='word_1_420' title='bbox 1150 1067 1249 1103; x_wconf 77' lang='lat' dir='ltr'>sunt,</span> <span class='ocrx_word' id='word_1_421' title='bbox 1274 1064 1374 1101; x_wconf 85' lang='lat' dir='ltr'>salus</span> <span class='ocrx_word' id='word_1_422' title='bbox 1394 1065 1477 1102; x_wconf 89' lang='lat' dir='ltr'>sine</span> <span class='ocrx_word' id='word_1_423' title='bbox 1500 1067 1667 1112; x_wconf 87' lang='lat' dir='ltr'>periculo</span> <span class='ocrx_word' id='word_1_424' title='bbox 1685 1067 1743 1104; x_wconf 90' lang='lat' dir='ltr'>in-</span> 
     </span>
     <span class='ocr_line' id='line_1_78' title="bbox 960 1110 1746 1160; baseline 0.009 -16"><span class='ocrx_word' id='word_1_425' title='bbox 960 1110 1119 1146; x_wconf 91' lang='lat' dir='ltr'>venitur.</span> <span class='ocrx_word' id='word_1_426' title='bbox 1140 1111 1221 1155; x_wconf 91' lang='lat' dir='ltr'>Vel,</span> <span class='ocrx_word' id='word_1_427' title='bbox 1246 1110 1284 1146; x_wconf 89' lang='lat' dir='ltr'>in</span> <span class='ocrx_word' id='word_1_428' title='bbox 1306 1113 1375 1147; x_wconf 83' lang='lat' dir='ltr'>hoo</span> <span class='ocrx_word' id='word_1_429' title='bbox 1398 1114 1500 1158; x_wconf 85' lang='lat' dir='ltr'>quod</span> <span class='ocrx_word' id='word_1_430' title='bbox 1519 1114 1746 1160; x_wconf 87' lang='lat' dir='ltr'>dieiturhic,</span> 
     </span>
     <span class='ocr_line' id='line_1_79' title="bbox 960 1156 1747 1208; baseline 0.008 -16"><span class='ocrx_word' id='word_1_431' title='bbox 960 1156 998 1192; x_wconf 89' lang='lat' dir='ltr'>in</span> <span class='ocrx_word' id='word_1_432' title='bbox 1019 1157 1190 1202; x_wconf 85' lang='lat' dir='ltr'>excelsis,</span> <span class='ocrx_word' id='word_1_433' title='bbox 1220 1158 1456 1203; x_wconf 84' lang='lat' dir='ltr'>significatur</span> <span class='ocrx_word' id='word_1_434' title='bbox 1484 1171 1552 1206; x_wconf 87' lang='lat' dir='ltr'>per</span> <span class='ocrx_word' id='word_1_435' title='bbox 1582 1161 1747 1208; x_wconf 87' lang='lat' dir='ltr'>primum</span> 
     </span>
     <span class='ocr_line' id='line_1_80' title="bbox 960 1204 1747 1250; baseline 0.009 -11"><span class='ocrx_word' id='word_1_436' title='bbox 960 1204 1134 1240; x_wconf 86' lang='lat' dir='ltr'>hosanna</span> <span class='ocrx_word' id='word_1_437' title='bbox 1169 1206 1269 1250; x_wconf 79' lang='lat' dir='ltr'>quod</span> <span class='ocrx_word' id='word_1_438' title='bbox 1297 1207 1468 1242; x_wconf 89' lang='lat' dir='ltr'>Christus</span> <span class='ocrx_word' id='word_1_439' title='bbox 1507 1212 1563 1244; x_wconf 89' lang='lat' dir='ltr'>est</span> <span class='ocrx_word' id='word_1_440' title='bbox 1600 1210 1675 1245; x_wconf 87' lang='lat' dir='ltr'>Rex</span> <span class='ocrx_word' id='word_1_441' title='bbox 1709 1210 1747 1245; x_wconf 86' lang='lat' dir='ltr'>in</span> 
     </span>
     <span class='ocr_line' id='line_1_81' title="bbox 960 1251 1744 1301; baseline 0.008 -15"><span class='ocrx_word' id='word_1_442' title='bbox 960 1256 1063 1287; x_wconf 92' lang='lat' dir='ltr'>terra</span> <span class='ocrx_word' id='word_1_443' title='bbox 1088 1251 1266 1288; x_wconf 88' lang='lat' dir='ltr'>universa</span> <span class='ocrx_word' id='word_1_444' title='bbox 1283 1264 1350 1299; x_wconf 90' lang='lat' dir='ltr'>per</span> <span class='ocrx_word' id='word_1_445' title='bbox 1370 1254 1484 1290; x_wconf 81' lang='lat' dir='ltr'>sidem</span> <span class='ocrx_word' id='word_1_446' title='bbox 1501 1259 1538 1291; x_wconf 87' lang='lat' dir='ltr'>et</span> <span class='ocrx_word' id='word_1_447' title='bbox 1560 1256 1744 1301; x_wconf 80' lang='lat' dir='ltr'>gratiam3</span> 
     </span>
     <span class='ocr_line' id='line_1_82' title="bbox 962 1300 1747 1345; baseline 0.008 -12"><span class='ocrx_word' id='word_1_448' title='bbox 962 1302 998 1334; x_wconf 88' lang='lat' dir='ltr'>et</span> <span class='ocrx_word' id='word_1_449' title='bbox 1028 1309 1096 1344; x_wconf 88' lang='lat' dir='ltr'>per</span> <span class='ocrx_word' id='word_1_450' title='bbox 1121 1300 1193 1335; x_wconf 79' lang='lat' dir='ltr'>hoe</span> <span class='ocrx_word' id='word_1_451' title='bbox 1230 1301 1331 1345; x_wconf 79' lang='lat' dir='ltr'>quod</span> <span class='ocrx_word' id='word_1_452' title='bbox 1365 1301 1425 1336; x_wconf 84' lang='lat' dir='ltr'>hio</span> <span class='ocrx_word' id='word_1_453' title='bbox 1457 1302 1504 1337; x_wconf 89' lang='lat' dir='ltr'>ad</span> <span class='ocrx_word' id='word_1_454' title='bbox 1533 1304 1747 1339; x_wconf 79' lang='lat' dir='ltr'>seeundum</span> 
     </span>
     <span class='ocr_line' id='line_1_83' title="bbox 961 1346 1746 1396; baseline 0.008 -16"><span class='ocrx_word' id='word_1_455' title='bbox 961 1346 1132 1381; x_wconf 85' lang='lat' dir='ltr'>hosanna</span> <span class='ocrx_word' id='word_1_456' title='bbox 1150 1346 1316 1390; x_wconf 90' lang='lat' dir='ltr'>additur,</span> <span class='ocrx_word' id='word_1_457' title='bbox 1339 1347 1376 1383; x_wconf 91' lang='lat' dir='ltr'>in</span> <span class='ocrx_word' id='word_1_458' title='bbox 1405 1349 1574 1393; x_wconf 81' lang='lat' dir='ltr'>excelsis,</span> <span class='ocrx_word' id='word_1_459' title='bbox 1598 1350 1746 1396; x_wconf 85' lang='lat' dir='ltr'>signifi-</span> 
     </span>
    </p>
   </div>
   <div class='ocr_carea' id='block_1_11' title="bbox 924 1394 1748 1441">
    <p class='ocr_par' dir='ltr' id='par_1_12' title="bbox 924 1394 1748 1441">
     <span class='ocr_line' id='line_1_84' title="bbox 924 1394 1748 1441; baseline 0.008 -14"><span class='ocrx_word' id='word_1_460' title='bbox 924 1419 927 1432; x_wconf 68' lang='lat'>,</span> <span class='ocrx_word' id='word_1_461' title='bbox 962 1396 1068 1428; x_wconf 88' lang='lat' dir='ltr'>catur</span> <span class='ocrx_word' id='word_1_462' title='bbox 1087 1394 1187 1438; x_wconf 85' lang='lat' dir='ltr'>quod</span> <span class='ocrx_word' id='word_1_463' title='bbox 1206 1405 1282 1429; x_wconf 63' lang='lat' dir='ltr'>,non</span> <span class='ocrx_word' id='word_1_464' title='bbox 1302 1397 1451 1430; x_wconf 84' lang='lat' dir='ltr'>tantum</span> <span class='ocrx_word' id='word_1_465' title='bbox 1478 1395 1516 1431; x_wconf 92' lang='lat' dir='ltr'>in</span> <span class='ocrx_word' id='word_1_466' title='bbox 1537 1399 1662 1441; x_wconf 85' lang='lat' dir='ltr'>terris,</span> <span class='ocrx_word' id='word_1_467' title='bbox 1683 1398 1748 1434; x_wconf 90' lang='lat' dir='ltr'>sed</span> 
     </span>
    </p>
   </div>
   <div class='ocr_carea' id='block_1_12' title="bbox 961 1440 1750 1669">
    <p class='ocr_par' dir='ltr' id='par_1_13' title="bbox 961 1440 1749 1580">
     <span class='ocr_line' id='line_1_85' title="bbox 961 1440 1747 1490; baseline 0.009 -16"><span class='ocrx_word' id='word_1_468' title='bbox 961 1441 1075 1475; x_wconf 85' lang='lat' dir='ltr'>etiam</span> <span class='ocrx_word' id='word_1_469' title='bbox 1098 1440 1136 1475; x_wconf 90' lang='lat' dir='ltr'>in</span> <span class='ocrx_word' id='word_1_470' title='bbox 1159 1441 1374 1477; x_wconf 74' lang='lat' dir='ltr'>coelestibus</span> <span class='ocrx_word' id='word_1_471' title='bbox 1407 1442 1578 1479; x_wconf 89' lang='lat' dir='ltr'>Christus</span> <span class='ocrx_word' id='word_1_472' title='bbox 1597 1448 1747 1490; x_wconf 85' lang='lat' dir='ltr'>regnat,</span> 
     </span>
     <span class='ocr_line' id='line_1_86' title="bbox 962 1486 1749 1536; baseline 0.01 -16"><span class='ocrx_word' id='word_1_473' title='bbox 962 1486 1051 1531; x_wconf 73' lang='lat' dir='ltr'>quia</span> <span class='ocrx_word' id='word_1_474' title='bbox 1070 1497 1138 1532; x_wconf 89' lang='lat' dir='ltr'>per</span> <span class='ocrx_word' id='word_1_475' title='bbox 1158 1488 1280 1533; x_wconf 87' lang='lat' dir='ltr'>ipsum</span> <span class='ocrx_word' id='word_1_476' title='bbox 1299 1499 1344 1524; x_wconf 91' lang='lat' dir='ltr'>ea</span> <span class='ocrx_word' id='word_1_477' title='bbox 1365 1489 1506 1530; x_wconf 89' lang='lat' dir='ltr'>omnia,</span> <span class='ocrx_word' id='word_1_478' title='bbox 1525 1501 1607 1536; x_wconf 84' lang='lat' dir='ltr'>quae</span> <span class='ocrx_word' id='word_1_479' title='bbox 1624 1491 1662 1527; x_wconf 90' lang='lat' dir='ltr'>in</span> <span class='ocrx_word' id='word_1_480' title='bbox 1679 1503 1749 1528; x_wconf 83' lang='lat' dir='ltr'>coe-</span> 
     </span>
     <span class='ocr_line' id='line_1_87' title="bbox 962 1533 1672 1580; baseline 0.008 -12"><span class='ocrx_word' id='word_1_481' title='bbox 962 1534 1007 1568; x_wconf 91' lang='lat' dir='ltr'>lis</span> <span class='ocrx_word' id='word_1_482' title='bbox 1027 1536 1063 1569; x_wconf 89' lang='lat' dir='ltr'>et</span> <span class='ocrx_word' id='word_1_483' title='bbox 1082 1533 1119 1568; x_wconf 88' lang='lat' dir='ltr'>in</span> <span class='ocrx_word' id='word_1_484' title='bbox 1140 1534 1251 1570; x_wconf 87' lang='lat' dir='ltr'>terris</span> <span class='ocrx_word' id='word_1_485' title='bbox 1273 1538 1375 1580; x_wconf 83' lang='lat' dir='ltr'>sunt,</span> <span class='ocrx_word' id='word_1_486' title='bbox 1397 1541 1672 1574; x_wconf 86' lang='lat' dir='ltr'>restaurantur.</span> 
     </span>
    </p>

    <p class='ocr_par' dir='ltr' id='par_1_14' title="bbox 961 1581 1750 1669">
     <span class='ocr_line' id='line_1_88' title="bbox 1010 1581 1748 1622; baseline 0.009 -7"><span class='ocrx_word' id='word_1_487' title='bbox 1010 1583 1029 1615; x_wconf 89' lang='lat'>5</span> <span class='ocrx_word' id='word_1_488' title='bbox 1059 1581 1204 1616; x_wconf 64' lang='lat' dir='ltr'>Orricix</span> <span class='ocrx_word' id='word_1_489' title='bbox 1236 1583 1382 1618; x_wconf 79' lang='lat' dir='ltr'>DOMINO</span> <span class='ocrx_word' id='word_1_490' title='bbox 1412 1595 1580 1620; x_wconf 71' lang='grc' dir='ltr'>ΕΧΗΙΒΙΤΑ</span> <span class='ocrx_word' id='word_1_491' title='bbox 1609 1597 1647 1622; x_wconf 85' lang='lat' dir='ltr'>IN</span> <span class='ocrx_word' id='word_1_492' title='bbox 1682 1598 1748 1622; x_wconf 88' lang='lat' dir='ltr'>suo</span> 
     </span>
     <span class='ocr_line' id='line_1_89' title="bbox 961 1639 1750 1669; baseline 0.009 -7"><span class='ocrx_word' id='word_1_493' title='bbox 961 1639 1137 1663; x_wconf 75' lang='lat' dir='ltr'>INGRESSU</span> <span class='ocrx_word' id='word_1_494' title='bbox 1182 1640 1399 1665; x_wconf 70' lang='lat' dir='ltr'>TRIUMPHALI</span> <span class='ocrx_word' id='word_1_495' title='bbox 1440 1643 1644 1668; x_wconf 78' lang='lat' dir='ltr'><strong>MORALITER</strong></span> <span class='ocrx_word' id='word_1_496' title='bbox 1678 1646 1750 1669; x_wconf 75' lang='lat' dir='ltr'>Ex-</span> 
     </span>
    </p>
   </div>
   <div class='ocr_carea' id='block_1_13' title="bbox 925 1677 1747 1726">
    <p class='ocr_par' dir='ltr' id='par_1_15' title="bbox 925 1677 1747 1726">
     <span class='ocr_line' id='line_1_90' title="bbox 925 1677 1747 1726; baseline 0.01 -17"><span class='ocrx_word' id='word_1_497' title='bbox 925 1710 927 1714; x_wconf 37' lang='lat'>,</span> <span class='ocrx_word' id='word_1_498' title='bbox 962 1686 1121 1711; x_wconf 76' lang='lat' dir='ltr'>PLICATA.</span> <span class='ocrx_word' id='word_1_499' title='bbox 1146 1696 1191 1701; x_wconf 90' lang='lat'>—</span> <span class='ocrx_word' id='word_1_500' title='bbox 1211 1677 1496 1714; x_wconf 86' lang='lat' dir='ltr'>Consideranda</span> <span class='ocrx_word' id='word_1_501' title='bbox 1521 1682 1577 1715; x_wconf 87' lang='lat' dir='ltr'>est</span> <span class='ocrx_word' id='word_1_502' title='bbox 1604 1683 1747 1726; x_wconf 83' lang='lat' dir='ltr'>autem,</span> 
     </span>
    </p>
   </div>
   <div class='ocr_carea' id='block_1_14' title="bbox 959 1722 1753 2242">
    <p class='ocr_par' dir='ltr' id='par_1_16' title="bbox 959 1722 1753 2242">
     <span class='ocr_line' id='line_1_91' title="bbox 959 1722 1751 1773; baseline 0.009 -16"><span class='ocrx_word' id='word_1_503' title='bbox 959 1723 1065 1768; x_wconf 83' lang='lat' dir='ltr'>juxta</span> <span class='ocrx_word' id='word_1_504' title='bbox 1093 1722 1266 1759; x_wconf 87' lang='lat' dir='ltr'>ordinem</span> <span class='ocrx_word' id='word_1_505' title='bbox 1299 1735 1564 1771; x_wconf 89' lang='lat' dir='ltr'>personarum,</span> <span class='ocrx_word' id='word_1_506' title='bbox 1587 1728 1751 1773; x_wconf 82' lang='lat' dir='ltr'>qualitas</span> 
     </span>
     <span class='ocr_line' id='line_1_92' title="bbox 966 1769 1752 1813; baseline 0.009 -9"><span class='ocrx_word' id='word_1_507' title='bbox 966 1769 1204 1806; x_wconf 88' lang='lat' dir='ltr'>meritorum.</span> <span class='ocrx_word' id='word_1_508' title='bbox 1228 1771 1297 1813; x_wconf 87' lang='lat' dir='ltr'>Qui</span> <span class='ocrx_word' id='word_1_509' title='bbox 1316 1771 1416 1807; x_wconf 89' lang='lat' dir='ltr'>enim</span> <span class='ocrx_word' id='word_1_510' title='bbox 1440 1773 1665 1810; x_wconf 71' lang='lat' dir='ltr'>vestimenta</span> <span class='ocrx_word' id='word_1_511' title='bbox 1685 1786 1752 1811; x_wconf 88' lang='lat' dir='ltr'>sua</span> 
     </span>
     <span class='ocr_line' id='line_1_93' title="bbox 964 1817 1752 1864; baseline 0.009 -13"><span class='ocrx_word' id='word_1_512' title='bbox 964 1827 1078 1862; x_wconf 89' lang='lat' dir='ltr'>super</span> <span class='ocrx_word' id='word_1_513' title='bbox 1106 1817 1252 1853; x_wconf 79' lang='lat' dir='ltr'>asinam</span> <span class='ocrx_word' id='word_1_514' title='bbox 1281 1818 1560 1864; x_wconf 85' lang='lat' dir='ltr'>imposuerunt,</span> <span class='ocrx_word' id='word_1_515' title='bbox 1582 1824 1622 1857; x_wconf 86' lang='lat' dir='ltr'>ut</span> <span class='ocrx_word' id='word_1_516' title='bbox 1641 1824 1752 1858; x_wconf 88' lang='lat' dir='ltr'>Jesus</span> 
     </span>
     <span class='ocr_line' id='line_1_94' title="bbox 964 1863 1751 1915; baseline 0.009 -17"><span class='ocrx_word' id='word_1_517' title='bbox 964 1863 1117 1900; x_wconf 91' lang='lat' dir='ltr'>mollius</span> <span class='ocrx_word' id='word_1_518' title='bbox 1138 1865 1300 1909; x_wconf 87' lang='lat' dir='ltr'>sederet,</span> <span class='ocrx_word' id='word_1_519' title='bbox 1317 1866 1487 1911; x_wconf 79' lang='lat' dir='ltr'>Apostoli</span> <span class='ocrx_word' id='word_1_520' title='bbox 1504 1867 1670 1913; x_wconf 86' lang='lat' dir='ltr'>fuerunt,</span> <span class='ocrx_word' id='word_1_521' title='bbox 1685 1871 1751 1915; x_wconf 89' lang='lat' dir='ltr'>qui</span> 
     </span>
     <span class='ocr_line' id='line_1_95' title="bbox 965 1911 1753 1961; baseline 0.01 -16"><span class='ocrx_word' id='word_1_522' title='bbox 965 1921 1033 1946; x_wconf 86' lang='lat' dir='ltr'>sua</span> <span class='ocrx_word' id='word_1_523' title='bbox 1070 1911 1244 1947; x_wconf 87' lang='lat' dir='ltr'>doctrina</span> <span class='ocrx_word' id='word_1_524' title='bbox 1282 1917 1430 1948; x_wconf 88' lang='lat' dir='ltr'>mentes</span> <span class='ocrx_word' id='word_1_525' title='bbox 1466 1914 1684 1961; x_wconf 87' lang='lat' dir='ltr'>hominum,</span> <span class='ocrx_word' id='word_1_526' title='bbox 1712 1920 1753 1953; x_wconf 85' lang='lat' dir='ltr'>ut</span> 
     </span>
     <span class='ocr_line' id='line_1_96' title="bbox 964 1957 1751 2008; baseline 0.009 -16"><span class='ocrx_word' id='word_1_527' title='bbox 964 1957 1221 1994; x_wconf 88' lang='lat' dir='ltr'>habitaculum</span> <span class='ocrx_word' id='word_1_528' title='bbox 1249 1958 1315 1994; x_wconf 91' lang='lat' dir='ltr'>Dei</span> <span class='ocrx_word' id='word_1_529' title='bbox 1343 1964 1489 2004; x_wconf 88' lang='lat' dir='ltr'>essent,</span> <span class='ocrx_word' id='word_1_530' title='bbox 1512 1972 1751 2008; x_wconf 60' lang='lat' dir='ltr'>praeparave-</span> 
     </span>
     <span class='ocr_line' id='line_1_97' title="bbox 965 2005 1751 2056; baseline 0.008 -16"><span class='ocrx_word' id='word_1_531' title='bbox 965 2008 1066 2041; x_wconf 83' lang='lat' dir='ltr'>runt.</span> <span class='ocrx_word' id='word_1_532' title='bbox 1085 2006 1156 2040; x_wconf 87' lang='lat' dir='ltr'>Per</span> <span class='ocrx_word' id='word_1_533' title='bbox 1168 2005 1261 2041; x_wconf 88' lang='lat' dir='ltr'>istos</span> <span class='ocrx_word' id='word_1_534' title='bbox 1277 2006 1485 2051; x_wconf 78' lang='lat' dir='ltr'>significari</span> <span class='ocrx_word' id='word_1_535' title='bbox 1501 2012 1673 2054; x_wconf 88' lang='lat' dir='ltr'>possunt,</span> <span class='ocrx_word' id='word_1_536' title='bbox 1688 2010 1751 2056; x_wconf 86' lang='lat' dir='ltr'>qui</span> 
     </span>
     <span class='ocr_line' id='line_1_98' title="bbox 964 2054 1750 2098; baseline 0.005 -11"><span class='ocrx_word' id='word_1_537' title='bbox 964 2062 1032 2098; x_wconf 91' lang='lat' dir='ltr'>per</span> <span class='ocrx_word' id='word_1_538' title='bbox 1053 2063 1139 2088; x_wconf 86' lang='lat' dir='ltr'>suas</span> <span class='ocrx_word' id='word_1_539' title='bbox 1166 2054 1450 2090; x_wconf 84' lang='lat' dir='ltr'>exhortationes</span> <span class='ocrx_word' id='word_1_540' title='bbox 1474 2057 1641 2092; x_wconf 88' lang='lat' dir='ltr'>animam</span> <span class='ocrx_word' id='word_1_541' title='bbox 1664 2068 1750 2093; x_wconf 84' lang='lat' dir='ltr'>ern-</span> 
     </span>
     <span class='ocr_line' id='line_1_99' title="bbox 965 2099 1750 2145; baseline 0.008 -11"><span class='ocrx_word' id='word_1_542' title='bbox 965 2099 1085 2143; x_wconf 85' lang='lat' dir='ltr'>diunt,</span> <span class='ocrx_word' id='word_1_543' title='bbox 1111 2110 1133 2135; x_wconf 91' lang='lat' dir='ltr'>a</span> <span class='ocrx_word' id='word_1_544' title='bbox 1151 2100 1317 2145; x_wconf 86' lang='lat' dir='ltr'>peccatis</span> <span class='ocrx_word' id='word_1_545' title='bbox 1337 2102 1580 2145; x_wconf 86' lang='lat' dir='ltr'>abstrahunt,</span> <span class='ocrx_word' id='word_1_546' title='bbox 1599 2103 1750 2140; x_wconf 88' lang='lat' dir='ltr'>virtuti-</span> 
     </span>
     <span class='ocr_line' id='line_1_100' title="bbox 964 2147 1750 2194; baseline 0.009 -13"><span class='ocrx_word' id='word_1_547' title='bbox 964 2147 1034 2182; x_wconf 86' lang='lat' dir='ltr'>bus</span> <span class='ocrx_word' id='word_1_548' title='bbox 1061 2150 1199 2182; x_wconf 88' lang='lat' dir='ltr'>ornant</span> <span class='ocrx_word' id='word_1_549' title='bbox 1222 2150 1259 2183; x_wconf 87' lang='lat' dir='ltr'>et</span> <span class='ocrx_word' id='word_1_550' title='bbox 1282 2153 1534 2194; x_wconf 77' lang='lat' dir='ltr'>componunt;</span> <span class='ocrx_word' id='word_1_551' title='bbox 1556 2153 1596 2186; x_wconf 85' lang='lat' dir='ltr'>ut</span> <span class='ocrx_word' id='word_1_552' title='bbox 1618 2151 1671 2187; x_wconf 87' lang='lat' dir='ltr'>sio</span> <span class='ocrx_word' id='word_1_553' title='bbox 1698 2151 1750 2188; x_wconf 91' lang='lat' dir='ltr'>ibi</span> 
     </span>
     <span class='ocr_line' id='line_1_101' title="bbox 963 2193 1749 2242; baseline 0.009 -14"><span class='ocrx_word' id='word_1_554' title='bbox 963 2193 1145 2229; x_wconf 86' lang='lat' dir='ltr'>Dominus</span> <span class='ocrx_word' id='word_1_555' title='bbox 1175 2195 1305 2230; x_wconf 88' lang='lat' dir='ltr'>sedeat</span> <span class='ocrx_word' id='word_1_556' title='bbox 1334 2199 1371 2231; x_wconf 88' lang='lat' dir='ltr'>et</span> <span class='ocrx_word' id='word_1_557' title='bbox 1400 2196 1583 2242; x_wconf 83' lang='lat' dir='ltr'>quiescat.</span> <span class='ocrx_word' id='word_1_558' title='bbox 1607 2218 1651 2224; x_wconf 87' lang='lat'>—</span> <span class='ocrx_word' id='word_1_559' title='bbox 1680 2199 1749 2242; x_wconf 87' lang='lat' dir='ltr'>Qui</span> 
     </span>
    </p>
   </div>
   <div class='ocr_carea' id='block_1_15' title="bbox 101 2242 1751 2333">
    <p class='ocr_par' dir='ltr' id='par_1_17' title="bbox 101 2242 1751 2333">
     <span class='ocr_line' id='line_1_102' title="bbox 927 2242 1751 2284; baseline 0.007 -8"><span class='ocrx_word' id='word_1_560' title='bbox 927 2279 929 2284; x_wconf 53' lang='grc'>,</span> <span class='ocrx_word' id='word_1_561' title='bbox 964 2244 1092 2279; x_wconf 87' lang='lat' dir='ltr'>autem</span> <span class='ocrx_word' id='word_1_562' title='bbox 1112 2242 1340 2278; x_wconf 90' lang='lat' dir='ltr'>vestimenta</span> <span class='ocrx_word' id='word_1_563' title='bbox 1362 2253 1430 2279; x_wconf 89' lang='lat' dir='ltr'>sua</span> <span class='ocrx_word' id='word_1_564' title='bbox 1450 2243 1490 2279; x_wconf 91' lang='lat' dir='ltr'>in</span> <span class='ocrx_word' id='word_1_565' title='bbox 1514 2244 1575 2280; x_wconf 90' lang='lat' dir='ltr'>via</span> <span class='ocrx_word' id='word_1_566' title='bbox 1598 2247 1751 2282; x_wconf 86' lang='lat' dir='ltr'>strave-</span> 
     </span>
     <span class='ocr_line' id='line_1_103' title="bbox 101 2286 928 2333; baseline -0.004 -9"><span class='ocrx_word' id='word_1_567' title='bbox 101 2299 178 2324; x_wconf 88' lang='lat' dir='ltr'>una</span> <span class='ocrx_word' id='word_1_568' title='bbox 198 2287 237 2323; x_wconf 88' lang='lat' dir='ltr'>in</span> <span class='ocrx_word' id='word_1_569' title='bbox 260 2287 487 2324; x_wconf 86' lang='lat' dir='ltr'>liberatione</span> <span class='ocrx_word' id='word_1_570' title='bbox 509 2297 644 2333; x_wconf 65' lang='lat' dir='ltr'>poenae,</span> <span class='ocrx_word' id='word_1_571' title='bbox 668 2286 742 2322; x_wconf 88' lang='lat' dir='ltr'>alia</span> <span class='ocrx_word' id='word_1_572' title='bbox 759 2286 798 2322; x_wconf 92' lang='lat' dir='ltr'>in</span> <span class='ocrx_word' id='word_1_573' title='bbox 820 2287 889 2322; x_wconf 85' lang='lat' dir='ltr'>col·</span> <span class='ocrx_word' id='word_1_574' title='bbox 927 2287 928 2293; x_wconf 77' lang='grc'>’</span> 
     </span>
    </p>
   </div>
   <div class='ocr_carea' id='block_1_16' title="bbox 963 2289 1758 2854">
    <p class='ocr_par' dir='ltr' id='par_1_18' title="bbox 963 2289 1758 2854">
     <span class='ocr_line' id='line_1_104' title="bbox 963 2289 1750 2337; baseline 0.008 -14"><span class='ocrx_word' id='word_1_575' title='bbox 963 2293 1064 2331; x_wconf 80' lang='lat' dir='ltr'>runt,</span> <span class='ocrx_word' id='word_1_576' title='bbox 1081 2299 1128 2324; x_wconf 88' lang='lat' dir='ltr'>ne</span> <span class='ocrx_word' id='word_1_577' title='bbox 1142 2299 1208 2334; x_wconf 86' lang='lat' dir='ltr'>pes</span> <span class='ocrx_word' id='word_1_578' title='bbox 1226 2289 1343 2325; x_wconf 64' lang='lat' dir='ltr'>asinae</span> <span class='ocrx_word' id='word_1_579' title='bbox 1366 2290 1610 2337; x_wconf 87' lang='lat' dir='ltr'>impingeret,</span> <span class='ocrx_word' id='word_1_580' title='bbox 1628 2293 1750 2329; x_wconf 85' lang='lat' dir='ltr'>sancti</span> 
     </span>
     <span class='ocr_line' id='line_1_105' title="bbox 964 2337 1752 2385; baseline 0.009 -15"><span class='ocrx_word' id='word_1_581' title='bbox 964 2337 1146 2382; x_wconf 70' lang='lat' dir='ltr'>Martyres</span> <span class='ocrx_word' id='word_1_582' title='bbox 1170 2341 1271 2380; x_wconf 85' lang='lat' dir='ltr'>sunt,</span> <span class='ocrx_word' id='word_1_583' title='bbox 1294 2337 1357 2382; x_wconf 85' lang='lat' dir='ltr'>qui</span> <span class='ocrx_word' id='word_1_584' title='bbox 1380 2338 1469 2373; x_wconf 91' lang='lat' dir='ltr'>dum</span> <span class='ocrx_word' id='word_1_585' title='bbox 1490 2349 1650 2385; x_wconf 83' lang='lat' dir='ltr'>corpora</span> <span class='ocrx_word' id='word_1_586' title='bbox 1670 2351 1752 2385; x_wconf 92' lang='lat' dir='ltr'>sua,</span> 
     </span>
     <span class='ocr_line' id='line_1_106' title="bbox 964 2382 1754 2433; baseline 0.008 -16"><span class='ocrx_word' id='word_1_587' title='bbox 964 2382 1178 2419; x_wconf 84' lang='lat' dir='ltr'>animarum</span> <span class='ocrx_word' id='word_1_588' title='bbox 1204 2383 1380 2420; x_wconf 85' lang='lat' dir='ltr'>videlicet</span> <span class='ocrx_word' id='word_1_589' title='bbox 1408 2388 1642 2431; x_wconf 86' lang='lat' dir='ltr'>tegumenta,</span> <span class='ocrx_word' id='word_1_590' title='bbox 1665 2398 1754 2433; x_wconf 78' lang='lat' dir='ltr'>pro-</span> 
     </span>
     <span class='ocr_line' id='line_1_107' title="bbox 965 2431 1758 2478; baseline 0.008 -13"><span class='ocrx_word' id='word_1_591' title='bbox 965 2432 1048 2475; x_wconf 88' lang='lat' dir='ltr'>pter</span> <span class='ocrx_word' id='word_1_592' title='bbox 1071 2431 1206 2472; x_wconf 85' lang='lat' dir='ltr'>Deum,</span> <span class='ocrx_word' id='word_1_593' title='bbox 1234 2431 1283 2467; x_wconf 87' lang='lat' dir='ltr'>ad</span> <span class='ocrx_word' id='word_1_594' title='bbox 1308 2431 1494 2477; x_wconf 83' lang='lat' dir='ltr'>supplicia</span> <span class='ocrx_word' id='word_1_595' title='bbox 1522 2434 1691 2478; x_wconf 84' lang='lat' dir='ltr'>tradunt,</span> <span class='ocrx_word' id='word_1_596' title='bbox 1721 2438 1758 2471; x_wconf 81' lang='lat' dir='ltr'>et</span> 
     </span>
     <span class='ocr_line' id='line_1_108' title="bbox 964 2476 1755 2527; baseline 0.006 -15"><span class='ocrx_word' id='word_1_597' title='bbox 964 2476 1119 2523; x_wconf 80' lang='lat' dir='ltr'>proprio</span> <span class='ocrx_word' id='word_1_598' title='bbox 1134 2488 1171 2513; x_wconf 89' lang='lat' dir='ltr'>se</span> <span class='ocrx_word' id='word_1_599' title='bbox 1188 2477 1313 2514; x_wconf 85' lang='lat' dir='ltr'>carnis</span> <span class='ocrx_word' id='word_1_600' title='bbox 1326 2478 1467 2515; x_wconf 88' lang='lat' dir='ltr'>amictu</span> <span class='ocrx_word' id='word_1_601' title='bbox 1481 2486 1637 2525; x_wconf 83' lang='lat' dir='ltr'>exuunt,</span> <span class='ocrx_word' id='word_1_602' title='bbox 1649 2482 1755 2527; x_wconf 84' lang='lat' dir='ltr'>quasi</span> 
     </span>
     <span class='ocr_line' id='line_1_109' title="bbox 966 2526 1757 2574; baseline 0.006 -15"><span class='ocrx_word' id='word_1_603' title='bbox 966 2526 1192 2561; x_wconf 87' lang='lat' dir='ltr'>vestimenta</span> <span class='ocrx_word' id='word_1_604' title='bbox 1218 2536 1286 2561; x_wconf 89' lang='lat' dir='ltr'>sua</span> <span class='ocrx_word' id='word_1_605' title='bbox 1310 2529 1499 2571; x_wconf 85' lang='lat' dir='ltr'>sternunt,</span> <span class='ocrx_word' id='word_1_606' title='bbox 1520 2527 1593 2563; x_wconf 86' lang='lat' dir='ltr'>iter</span> <span class='ocrx_word' id='word_1_607' title='bbox 1616 2527 1757 2574; x_wconf 88' lang='lat' dir='ltr'>simpli-</span> 
     </span>
     <span class='ocr_line' id='line_1_110' title="bbox 966 2571 1755 2620; baseline 0.005 -13"><span class='ocrx_word' id='word_1_608' title='bbox 966 2571 1132 2607; x_wconf 76' lang='lat' dir='ltr'>cioribus</span> <span class='ocrx_word' id='word_1_609' title='bbox 1169 2583 1235 2608; x_wconf 90' lang='lat' dir='ltr'>suo</span> <span class='ocrx_word' id='word_1_610' title='bbox 1269 2574 1458 2618; x_wconf 83' lang='lat' dir='ltr'>sanguine</span> <span class='ocrx_word' id='word_1_611' title='bbox 1493 2575 1755 2620; x_wconf 87' lang='lat' dir='ltr'>ostendentes,</span> 
     </span>
     <span class='ocr_line' id='line_1_111' title="bbox 966 2619 1757 2668; baseline 0.006 -15"><span class='ocrx_word' id='word_1_612' title='bbox 966 2629 1033 2664; x_wconf 85' lang='lat' dir='ltr'>per</span> <span class='ocrx_word' id='word_1_613' title='bbox 1048 2619 1148 2664; x_wconf 79' lang='lat' dir='ltr'>quod</span> <span class='ocrx_word' id='word_1_614' title='bbox 1163 2619 1211 2655; x_wconf 91' lang='lat' dir='ltr'>ad</span> <span class='ocrx_word' id='word_1_615' title='bbox 1227 2620 1418 2656; x_wconf 86' lang='lat' dir='ltr'>coelestem</span> <span class='ocrx_word' id='word_1_616' title='bbox 1431 2622 1645 2657; x_wconf 87' lang='lat' dir='ltr'>Jerusalem</span> <span class='ocrx_word' id='word_1_617' title='bbox 1660 2633 1757 2668; x_wconf 83' lang='lat' dir='ltr'>per—</span> 
     </span>
     <span class='ocr_line' id='line_1_112' title="bbox 966 2666 1754 2714; baseline 0.005 -14"><span class='ocrx_word' id='word_1_618' title='bbox 966 2667 1094 2701; x_wconf 83' lang='lat' dir='ltr'>venire</span> <span class='ocrx_word' id='word_1_619' title='bbox 1115 2666 1275 2712; x_wconf 88' lang='lat' dir='ltr'>possint.</span> <span class='ocrx_word' id='word_1_620' title='bbox 1302 2669 1343 2702; x_wconf 90' lang='lat' dir='ltr'>In</span> <span class='ocrx_word' id='word_1_621' title='bbox 1369 2667 1430 2702; x_wconf 89' lang='lat' dir='ltr'>via</span> <span class='ocrx_word' id='word_1_622' title='bbox 1456 2668 1619 2714; x_wconf 87' lang='lat' dir='ltr'>denique</span> <span class='ocrx_word' id='word_1_623' title='bbox 1639 2669 1754 2704; x_wconf 89' lang='lat' dir='ltr'>vesti-</span> 
     </span>
     <span class='ocr_line' id='line_1_113' title="bbox 966 2713 1754 2762; baseline 0.004 -14"><span class='ocrx_word' id='word_1_624' title='bbox 966 2716 1094 2749; x_wconf 88' lang='lat' dir='ltr'>menta</span> <span class='ocrx_word' id='word_1_625' title='bbox 1118 2717 1311 2758; x_wconf 87' lang='lat' dir='ltr'>sternunt,</span> <span class='ocrx_word' id='word_1_626' title='bbox 1337 2713 1401 2759; x_wconf 80' lang='lat' dir='ltr'>qui</span> <span class='ocrx_word' id='word_1_627' title='bbox 1423 2716 1595 2761; x_wconf 86' lang='lat' dir='ltr'>exempla</span> <span class='ocrx_word' id='word_1_628' title='bbox 1617 2717 1754 2762; x_wconf 83' lang='lat' dir='ltr'>Marty-</span> 
     </span>
     <span class='ocr_line' id='line_1_114' title="bbox 966 2760 1752 2808; baseline 0.003 -12"><span class='ocrx_word' id='word_1_629' title='bbox 966 2771 1051 2796; x_wconf 90' lang='lat' dir='ltr'>rum</span> <span class='ocrx_word' id='word_1_630' title='bbox 1070 2760 1204 2805; x_wconf 87' lang='lat' dir='ltr'>seouti,</span> <span class='ocrx_word' id='word_1_631' title='bbox 1218 2772 1379 2808; x_wconf 87' lang='lat' dir='ltr'>corpora</span> <span class='ocrx_word' id='word_1_632' title='bbox 1396 2772 1465 2798; x_wconf 89' lang='lat' dir='ltr'>sua</span> <span class='ocrx_word' id='word_1_633' title='bbox 1480 2773 1545 2807; x_wconf 86' lang='lat' dir='ltr'>per</span> <span class='ocrx_word' id='word_1_634' title='bbox 1558 2762 1752 2799; x_wconf 82' lang='lat' dir='ltr'>abstinen-</span> 
     </span>
     <span class='ocr_line' id='line_1_115' title="bbox 966 2807 1751 2854; baseline 0.006 -12"><span class='ocrx_word' id='word_1_635' title='bbox 966 2807 1058 2844; x_wconf 86' lang='lat' dir='ltr'>tiam</span> <span class='ocrx_word' id='word_1_636' title='bbox 1095 2808 1297 2854; x_wconf 84' lang='lat' dir='ltr'>edomant,</span> <span class='ocrx_word' id='word_1_637' title='bbox 1328 2812 1369 2844; x_wconf 90' lang='lat' dir='ltr'>ut</span> <span class='ocrx_word' id='word_1_638' title='bbox 1402 2808 1562 2845; x_wconf 90' lang='lat' dir='ltr'>Domino</span> <span class='ocrx_word' id='word_1_639' title='bbox 1594 2809 1668 2845; x_wconf 89' lang='lat' dir='ltr'>iter</span> <span class='ocrx_word' id='word_1_640' title='bbox 1702 2811 1751 2848; x_wconf 90' lang='lat' dir='ltr'>ad</span> 
     </span>
    </p>
   </div>
   <div class='ocr_carea' id='block_1_17' title="bbox 1603 2876 1639 2906">
    <p class='ocr_par' dir='ltr' id='par_1_19' title="bbox 1603 2876 1639 2906">
     <span class='ocr_line' id='line_1_116' title="bbox 1603 2876 1639 2906; baseline 0.028 -1"><span class='ocrx_word' id='word_1_641' title='bbox 1603 2876 1639 2906; x_wconf 78' lang='lat'>12</span> 
     </span>
    </p>
   </div>
  </div>
 </body>
</html>
