1907 3139
360 128 411 161 DE
449 127 652 161 SERMONE
690 127 742 160 ET
779 124 1000 160 ORATIONE
1039 120 1196 155 DOMINI
1235 119 1279 153 IN
1315 117 1456 152 COENA.
1673 109 1729 146 361

100 209 212 245 quam
246 199 429 236 destruxit
461 210 527 245 pei·
559 198 806 235 afflictionem
844 202 883 233 et

99 246 292 291 laborein;
327 251 390 282 aut
428 248 717 292 concupiscentia
755 246 882 281 oculo-

98 305 193 338 rum,
210 305 320 340 quam
338 293 522 330 destruxit
538 304 605 340 per
624 295 882 338 paupertatem

99 352 223 385 suanm
255 346 319 377 aut
346 342 517 387 superbia
550 343 648 383 vicie,
667 351 780 386 quam
815 341 880 376 de-

101 390 234 424 struxit
255 400 321 435 per
341 388 608 424 humilitatem.
627 390 666 423 In
684 389 753 423 hac.
770 387 882 422 victo-

101 437 162 488 ria.
187 436 322 471 Christi
351 436 490 472 debent
516 436 707 472 confidere
737 434 879 478 Sancti,

101 494 188 535 quia
223 484 524 520 consideratione
559 484 642 529 ejus
673 482 823 524 armati,
845 486 881 518 et

100 530 301 584 virtutibus
338 531 490 576 muniti,
510 530 670 567 faciliter
702 533 881 575 superant

100 581 328 614 tentationes
343 578 486 615 mundi.
507 580 665 624 Propter
680 577 779 624 quod
795 577 884 613 dicit

103 624 235 661 Petrus
256 641 263 662 ε
286 627 427 662 Christo
448 629 486 662 in
507 637 613 662 carne
633 636 755 671 passo,
771 629 805 660 et
820 636 882 660 vos

101 673 225 725 eadem
241 676 459 716 cogitatione
478 675 689 709 armamini.
706 672 773 715 Qui
792 684 881 717 ergo

102 726 197 772 sicut
213 721 383 773 ⁴Christus
404 721 473 757 ista
487 719 882 767 coiicupiscibiliaviii-

104 771 166 811 cit,
188 772 302 803 xiiicit
335 769 519 804 mundum
558 771 601 804 Et
630 769 714 810 hoc,
749 778 879 803 secun*

104 815 190 850 duni
206 816 404 867 Jnoaiinem,
422 817 510 852 facit
527 817 619 852 fides
636 818 782 859 nostra,
796 815 884 861 quia

104 873 188 898 cum
203 866 251 898 sit
266 863 476 900 substantia
492 863 782 910 sperandorum,
801 873 883 908 quse

105 913 194 944 suiit
214 910 313 946 bona
330 911 537 957 spiritualia
557 915 593 947 et
625 914 781 953 aeteriia,
799 909 885 945 facit

105 967 174 992 nos
201 961 442 1010 contemnere
476 960 576 995 bona
608 956 822 1003 corporalia
849 961 885 992 et

105 1008 336 1057 transitoria.
360 1008 403 1041 Et
437 1007 510 1042 alia
530 1007 641 1052 plura
662 1004 721 1040 his
747 1004 886 1040 similia

108 1056 195 1088 tunc
225 1053 373 1101 (licebat
396 1054 591 1089 Dominus.

160 1103 197 1135 ιδ
226 1103 422 1136 ORAT1ONtS
454 1103 585 1137 Domui
620 1112 705 1136 rosT
732 1112 887 1136 ULTIMAM

106 1158 232 1182 ccaxsu
250 1159 438 1184 RATiouas.
458 1170 503 1175 —
523 1148 674 1193 Quinto,
692 1147 791 1184 circa
809 1158 886 1183 ser—

107 1204 259 1247 monem
287 1196 493 1240 mediteris,
524 1195 687 1242 qualiter
710 1195 786 1241 ipse
814 1197 888 1231 Do-

106 1252 229 1277 minus
242 1244 362 1287 Jcsus,
374 1255 433 1288 eo,
446 1243 509 1290 qui
524 1248 605 1279 erat
625 1244 672 1279 ad
688 1243 890 1289 discipulos

107 1300 280 1326 serm-»ne
318 1291 442 1335 finito,
475 1292 535 1337 (de
569 1301 657 1337 quo,
681 1291 888 1326 secundum

107 1337 262 1381 Bedam,
280 1337 319 1374 in
338 1349 445 1374 coena
467 1340 611 1375 locutus
626 1342 682 1374 est
702 1349 821 1385 usque
842 1339 887 1373 ad

110 1385 188 1437 lifes*
226 1387 338 1422 verba
381 1399 389 1422 :
430 1388 591 1431 Suryite,
630 1397 752 1421 eamus
791 1386 887 1432 hinc)

110 1432 245 1486 deinde
264 1434 398 1469 stando
417 1445 534 1480 usque
553 1434 598 1470 ad
612 1434 738 1480 hymni
758 1433 885 1475 finem,

112 1491 218 1525 cujus
251 1481 322 1516 hoc
354 1481 503 1517 initium
528 1485 595 1524 est,
625 1486 657 1516 et
687 1481 888 1516 sublevatis

110 1529 237 1572 oculis,
260 1528 444 1574 aspiciens
464 1531 504 1564 in
530 1530 655 1564 coelum
680 1539 718 1563 se
744 1528 790 1564 ad
819 1529 889 1563 Pa-

110 1578 205 1610 trem
238 1586 346 1628 suum
383 1576 583 1620 convertit,
617 1579 654 1612 et
683 1575 729 1611 ad
768 1577 889 1621 ipsum

109 1624 224 1658 verba
245 1623 412 1668 dirigens
435 1634 544 1660 orare
568 1623 693 1669 coepit.
720 1623 890 1659 Christus

109 1672 340 1705 iioi‘itantum
352 1670 892 1717 oravitadaliquidimpetran-

110 1717 285 1770 dumscd
300 1717 412 1753 etiam
425 1718 470 1753 ad
483 1719 649 1754 dandum
662 1717 771 1753 nobis
783 1728 893 1753 oran-

110 1765 147 1800 di
175 1767 386 1818 exemplum
404 1777 412 1809 ;
433 1769 469 1801 ct
489 1766 572 1801 ideo
604 1764 725 1801 oratio
747 1775 813 1800 sua
831 1764 891 1800 hic

110 1812 336 1865 describitur
353 1812 502 1856 optimis
514 1812 804 1849 circumstantiis
819 1812 893 1847 dis-

109 1863 242 1912 posita.
268 1881 312 1886 -
329 1860 470 1904 Primo,
491 1864 661 1907 respectu
676 1861 892 1906 praecedeii-

110 1913 202 1942 tium
227 1920 234 1944 ε
256 1909 344 1953 quia
374 1912 455 1953 post
474 1918 700 1951 sermonem,
722 1914 757 1942 et
778 1906 892 1942 disci-

110 1955 282 2007 pulorum
308 1955 607 1999 instructionem,
636 1954 820 1991 convertit
854 1965 892 1990 se

112 2002 159 2037 ad
179 2006 387 2038 orationem
404 2004 474 2039 :ad
495 2003 770 2039 ostendendum
794 2003 892 2047 quod

112 2050 428 2096 complementum
451 2051 541 2087 boni
556 2050 677 2095 operis
699 2054 754 2085 est
775 2060 796 2085 a
818 2050 892 2084 Deo

111 2097 400 2142 requirendum3
424 2102 474 2142 et,
498 2102 538 2134 ut
558 2108 653 2143 quos
671 2096 892 2133 instruimus

111 2145 240 2197 verbo,
259 2146 433 2190 juvemus
455 2146 669 2181 orationum
696 2143 890 2189 suffragio,

112 2202 200 2237 quia
236 2203 359 2228 sermo
399 2193 546 2229 divinus
581 2192 741 2228 maxime
779 2192 894 2227 habet

112 2239 287 2292 effectum
304 2241 341 2275 in
358 2240 533 2276 cordibus
546 2239 792 2282 audientium,
809 2248 893 2274 cum

114 2286 263 2339 l'ulmtur
287 2289 471 2329 oratione,
501 2298 568 2334 per
588 2298 700 2333 quam
724 2286 890 2321 divinum

114 2335 337 2387 imploratur
374 2334 551 2371 auxilium
570 2346 577 2378 3
612 2337 648 2370 et
684 2333 768 2369 ideo
808 2332 893 2368 finis

113 2392 298 2433 sermonis
327 2384 443 2418 nostri
471 2383 582 2418 debet
608 2382 655 2417 ad
683 2380 894 2417 orationem

115 2430 321 2481 terminari.
344 2451 388 2455 ——
408 2430 593 2473 Secundo,
613 2433 782 2475 respectu
802 2438 896 2473 prae-

115 2480 277 2511 sentium
312 2492 318 2513 :
351 2479 439 2522 quia
470 2477 612 2513 orando
634 2475 893 2522 principaliter

115 2523 245 2558 oculos
262 2524 397 2560 levavit
412 2525 458 2560 ad
477 2525 628 2567 coelum,
644 2524 691 2559 ad
712 2523 893 2558 denotan-

116 2570 222 2614 dum,
243 2571 343 2617 quod
374 2571 412 2607 in
445 2571 547 2607 omni
581 2571 751 2607 oratione
782 2580 892 2605 meus

116 2618 228 2654 debet
243 2619 381 2654 elevari
396 2619 434 2655 in
450 2621 591 2663 Deum;
617 2619 811 2664 quoniam,
835 2627 892 2652 se-

117 2666 279 2701 cundum
291 2666 690 2710 Damczscenum,oratio
703 2669 893 2701 est'iiscen-

118 2727 181 2753 sus
194 2715 328 2752 mentis
337 2715 384 2751 ad
403 2717 531 2751 Deum.
548 2716 649 2750 Inter
663 2713 755 2749 alias
767 2716 893 2748 autem

117 2767 243 2815 partes
287 2762 465 2810 corporis.
504 2761 700 2810 dispositio
736 2759 893 2796 interior

959 193 1096 231 mentis
1114 192 1275 228 maxime
1293 190 1435 226 relucet
1453 189 1487 224 in
1509 186 1649 230 oculis;
1673 183 1737 222 ubi

958 242 1058 280 enim
1073 251 1194 282 amor,
1210 238 1261 274 ibi
1283 239 1425 273 oculus.
1447 237 1551 272 Unde
1579 237 1734 279 Chryso-

957 295 1115 327 stomus:
1135 301 1152 321 «
1178 285 1415 332 Propterhoc
1434 283 1471 319 in
1494 284 1630 319 coelum
1653 292 1738 317 ocu-

958 339 1014 375 los
1034 335 1181 373 levavit.
1201 337 1241 370 ut
1255 336 1558 369 stantessursum
1574 328 1735 375 aspicia-

958 396 1059 428 mus;
1078 394 1152 419 non
1173 381 1288 417 oculis
1309 378 1432 415 carnis
1453 379 1589 421 solum,
1613 378 1678 413 sed
1701 379 1738 411 et

958 432 1107 469 mentis.
1122 428 1248 467 Sancti
1262 438 1351 474 ergo
1377 426 1602 472 quandoque
1622 423 1737 460 erecti

957 485 994 517 et
1012 481 1202 517 elevantes
1218 476 1346 512 oculos
1371 473 1417 510 ad
1439 473 1571 508 coeluni
1596 474 1708 507 orant
1728 498 1737 514 ,

957 539 1032 564 non
1061 530 1102 563 ut
1130 523 1295 571 superbi,
1323 522 1388 558 sed
1422 524 1462 556 ut
1493 519 1666 559 humiles,
1698 521 1738 554 ut

957 574 1168 611 orationem
1193 573 1238 608 ad
1266 572 1384 606 Deum
1412 567 1674 613 dirigendam,
1701 568 1738 600 et

958 622 1120 658 coelestia
1148 623 1295 656 tantum
1318 616 1483 663 petenda
1506 625 1588 650 esse
1613 617 1739 649 osten-

958 671 1060 706 dant.
1086 683 1102 702 »
1127 667 1231 704 Unde
1254 664 1454 701 Psalmista
1475 674 1483 698 :
1505 662 1566 697 Ad
1585 665 1618 697 te
1639 662 1737 695 leva-

957 720 995 752 vi
1021 718 1140 752 oculos
1167 725 1276 758 meos,
1301 714 1366 758 qui
1394 711 1539 746 habitas
1562 711 1601 744 in
1628 709 1738 743 coelz's.

958 767 1002 801 Et
1024 775 1096 800 non
1120 764 1239 799 solum
1262 759 1404 800 oculos,
1426 758 1492 794 sed
1512 760 1549 793 et
1569 755 1741 803 operati—

959 823 1051 848 ones
1073 814 1222 847 nostras
1250 809 1288 844 in
1313 809 1429 843 Deum
1453 805 1596 840 referre
1618 804 1739 839 debe-

959 870 1057 903 mus,
1090 857 1298 894 secundum
1334 854 1426 890 illud
1461 854 1700 888 Tlirenorum
1730 862 1738 886 :

959 909 1129 943 Levemus
1160 905 1269 941 corda
1302 906 1440 944 nostra,
1461 912 1540 936 cum
1571 898 1741 934 manibus

960 955 1008 989 ad
1030 957 1140 990 Deum
1167 955 1205 987 z'n
1231 952 1328 988 coelis
1357 963 1366 984 :
1395 959 1461 995 per
1485 958 1617 983 manus
1642 944 1742 982 enim

961 1002 1207 1047 designantur
1242 998 1494 1044 operationes,
1528 1016 1573 1020 ——
1603 993 1742 1037 Tertio,

961 1053 1132 1094 respectu
1167 1045 1406 1092 sequentium
1432 1055 1439 1079 ε
1464 1042 1552 1088 quia
1584 1041 1742 1077 articulo

964 1095 1155 1133 Passionis
1176 1094 1246 1130 sim
1270 1091 1506 1133 imminente,
1529 1094 1564 1126 et
1587 1099 1743 1135 pressu-

963 1144 1016 1180 ris
1037 1142 1306 1189 discipulorum
1329 1137 1532 1186 praedictis,
1556 1136 1678 1173 oravit
1697 1135 1741 1172 ad

966 1194 1115 1228 Patrem
1134 1200 1256 1230 suum,
1273 1189 1318 1224 ad
1336 1185 1628 1231 designandum,
1646 1183 1744 1230 quod

964 1238 1152 1286 pressuris
1172 1241 1208 1273 et
1225 1233 1532 1272 tribulationibus
1550 1232 1746 1268 imminen-

964 1288 1076 1328 tibus,
1101 1286 1210 1321 debet
1234 1285 1348 1320 homo
1368 1293 1436 1328 per
1456 1280 1664 1316 orationem
1688 1289 1745 1314 re-

964 1345 1115 1370 currere
1135 1334 1181 1369 ad
1211 1334 1342 1375 Deum,
1364 1330 1461 1366 sicut
1486 1330 1646 1374 Moyses,
1671 1327 1746 1362 Su-

965 1393 1098 1424 sanna,
1120 1385 1157 1417 et
1176 1379 1239 1416 alii
1260 1380 1399 1425 plures,
1420 1377 1679 1412 clamaverunt
1699 1374 1744 1409 ad

966 1429 1165 1466 Dominum
1189 1437 1272 1463 cum
1295 1426 1583 1468 tribularentur,
1606 1428 1640 1459 et
1668 1421 1748 1467 ipse

966 1478 1141 1513 liberavit
1160 1486 1239 1511 eos.

1017 1528 1061 1568 14*
1080 1525 1194 1559 Pmiio
1219 1523 1395 1558 Cunisrus
1420 1531 1511 1555 oRAT
1533 1530 1599 1554 ruo
1622 1529 1748 1552 saum·-

965 1584 1056 1608 ipso.
1086 1592 1129 1597 -
1157 1571 1247 1606 Orat
1270 1572 1395 1604 autem
1426 1566 1596 1604 Christus
1626 1564 1748 1610 primo

966 1631 1032 1666 pro
1052 1630 1106 1663 se,
1135 1617 1270 1654 deinde
1298 1626 1365 1661 pro
1392 1613 1585 1650 membris.
1612 1613 1685 1648 Pro
1709 1622 1749 1648 se

965 1671 1062 1712 orat,
1085 1671 1164 1702 tum
1185 1664 1391 1700 secundum
1414 1663 1622 1698 humanam
1640 1667 1748 1695 natu-

966 1726 1062 1760 ram,
1081 1718 1159 1750 tum
1178 1711 1388 1748 secundum
1405 1710 1569 1746 divinam
1591 1723 1598 1744 ε
1620 1718 1751 1744 secun-

966 1763 1054 1798 dum
1080 1762 1286 1797 humanam
1309 1762 1497 1801 naturam,
1523 1767 1587 1802 pro
1610 1754 1747 1791 clarifi-

967 1810 1114 1845 catione
1130 1808 1167 1844 in
1188 1806 1379 1849 Passione,
1395 1816 1463 1851 pro
1480 1802 1749 1840 clarificatione

967 1853 1282 1896 Resonet-tionis,
1313 1864 1380 1899 pro
1409 1850 1678 1888 clarificatione
1701 1852 1749 1884 A-

967 1902 1187 1946 sceiisionis‚
1219 1913 1283 1947 pro
1305 1899 1575 1936 clarificatione
1602 1896 1748 1944 judicii.

969 1962 1081 1998 quain
1099 1950 1254 1986 habebit
1269 1948 1305 1984 in
1325 1959 1369 1984 eo
1391 1946 1600 1997 post-‚illum
1622 1956 1752 1981 secuti-

968 2001 1057 2035 dum
1083 1998 1248 2033 divinam
1267 1999 1441 2031 naturam
1461 1998 1544 2030 orat
1564 2004 1631 2039 pro
1654 1991 1750 2028 noti-

968 2049 1020 2082 tia
1037 2053 1074 2082 et
1095 2043 1399 2081 manifestatione
1421 2041 1602 2078 claritatis
1630 2038 1751 2075 Patris

969 2098 1004 2130 et
1031 2093 1127 2137 Filii,
1160 2094 1195 2127 iii
1220 2091 1355 2137 quibus
1383 2089 1607 2134 intelligitur
1634 2097 1750 2123 nexus

969 2145 1005 2178 et
1039 2151 1146 2177 amor
1174 2140 1385 2181 amborum,
1419 2136 1559 2173 scillcet
1591 2135 1751 2181 Spiritus

969 2191 1141 2229 Sanctus,
1166 2187 1255 2232 quia
1285 2185 1450 2221 medium
1479 2194 1578 2230 saepe
1602 2182 1750 2218 intelli-

967 2236 1068 2283 gitur
1091 2235 1129 2271 in
1156 2233 1346 2270 extremis.
1376 2234 1517 2268 Horum
1544 2231 1659 2267 trium
1687 2240 1749 2265 ea-

967 2284 1053 2319 dem
1075 2287 1130 2319 e=t
1146 2281 1319 2328 {claritas
1342 2284 1491 2324 natura,
1515 2282 1551 2314 et
1571 2277 1748 2321 essentia,

967 2331 1100 2367 eadem
1120 2328 1303 2376 potentia,
1325 2327 1479 2363 scientia
1496 2355 1504 2370 ,
1528 2329 1565 2362 et
1585 2326 1749 2362 bonitas.

969 2379 1140 2414 Postulat
1155 2388 1244 2422 ergo
1258 2376 1337 2422 ipse
1353 2375 1523 2411 Christus
1540 2375 1747 2409 claritatem

966 2436 1086 2469 suam,
1112 2425 1159 2461 ab
1186 2428 1328 2460 aeteriio
1357 2424 1468 2458 Patre
1494 2421 1678 2464 habitam,
1703 2419 1749 2455 ad

968 2474 1171 2509 humanam
1212 2470 1464 2516 cognitionem
1506 2473 1543 2504 et
1577 2467 1748 2504 notitiam

968 2519 1184 2566 pervenire;
1218 2529 1263 2554 ne
1298 2518 1420 2564 ipsum
1450 2526 1587 2563 purum
1619 2514 1749 2550 homi—

967 2578 1054 2603 nem
1076 2567 1317 2609 arbitrantes,
1347 2565 1394 2601 de
1419 2563 1607 2600 Passionis
1633 2562 1749 2606 igno—

968 2614 1087 2650 minia
1108 2613 1375 2650 verecundiam
1406 2611 1603 2654 recipiant,
1632 2620 1675 2644 ac
1705 2610 1751 2644 de

968 2661 1266 2699 Resurrectionis
1299 2659 1419 2706 gloria
1450 2659 1696 2704 desperantes
1727 2667 1750 2692 a

967 2710 1044 2746 fine
1065 2709 1261 2745 deficiant.

1019 2760 1057 2794 15
1093 2758 1269 2793 Cnmsws
1303 2766 1394 2792 onAi·
1430 2764 1496 2790 pao
1532 2753 1745 2788 Aposvoms.
