1907 3139
106 161 161 192 118
560 158 769 194 SECUNDAE}
806 158 962 194 PARTIS
1000 157 1140 191 CAPUT
1178 157 1275 189 xvii

106 233 180 269 lem
202 232 238 267 et
254 230 339 267 aliis
359 229 494 267 vicinis
508 229 600 267 locis
616 230 664 267 ad
681 230 877 267 consolan-

105 280 194 316 dum
216 289 279 315 eas
306 283 502 323 venerant,
526 278 615 324 quia
644 278 790 314 nobiles
817 278 879 313 do-

104 327 216 364 minae
241 329 362 371 erant,
385 326 464 362 sola
483 325 561 371 ivit,
585 329 622 362 et
655 325 800 362 Christo
824 335 880 360 re-

103 378 284 410 verenter
316 376 353 410 et
388 374 519 410 devote
560 373 733 409 occurrit.
775 373 879 408 Unde

102 423 158 460 ait
180 422 402 469 Theophilus
425 432 435 456 ε
460 435 478 454 (ι
506 420 633 457 Primo
657 422 781 466 itaque
803 431 881 456 non

100 468 236 514 pandit
273 468 408 513 sorori,
442 467 571 504 volens
607 471 770 504 astantes
809 468 880 503 hoc

98 517 232 561 latere,
257 516 394 564 quibus
426 520 557 552 notum
576 516 657 551 sore
678 516 880 551 adventum

104 563 244 603 Christi
278 564 445 600 nolebat.
474 576 492 596 »
530 564 633 599 Unde
660 565 696 598 et
718 562 882 606 Chryso-

104 614 243 649 stomus
267 625 275 648 ε
302 625 320 644 α
342 612 424 647 Non
449 611 575 647 autem
597 609 751 646 assumit
771 620 882 645 soro—

103 670 198 704 rem,
219 659 308 695 dum
328 657 473 695 Christo
497 657 643 693 obviam
663 658 764 693 vadit
779 668 787 701 ;
805 657 882 692 vult

109 706 212 743 enim
246 704 488 751 singulariter
524 704 667 741 Christo
698 704 812 750 loqui,
847 706 884 739 et

110 754 210 800 quod
238 753 378 789 sactum
400 755 454 788 est
476 751 509 787 ei
530 751 767 788 annuntiare.
792 751 883 787 Cum

110 812 201 838 vero
221 811 305 837 eam
329 799 367 835 in
389 800 527 836 bonam
548 809 652 846 spem
670 798 884 843 duxit,tunc

110 848 204 886 abiit
222 851 259 884 et
279 846 587 883 vocavitMariain
605 858 613 882 :
632 861 650 879 «
670 847 750 882 haec
772 847 884 890 Chry-

108 899 297 932 sostomus.
318 896 422 930 Discit
452 905 534 938 erqo
556 895 704 930 Martha
739 894 787 929 ad
826 895 884 929 Je-

109 954 189 979 sum
210 956 220 978 :
240 944 403 986 Domine,
424 944 457 977 si
471 943 603 985 fuisses
624 943 681 977 hic
716 940 885 977 localiter

108 1000 291 1038 praesens,
310 991 428 1033 frater
444 999 541 1024 meus
561 999 631 1024 non
650 990 781 1032 fuisset
797 999 886 1024 mor-

115 1042 215 1078 tuus,
239 1047 324 1072 eum
345 1047 447 1072 mors
480 1036 603 1072 locum
634 1036 774 1072 habere
810 1046 885 1071 non

110 1085 262 1128 debeat,
282 1083 346 1119 ubi
368 1086 422 1119 est
438 1082 580 1118 vita.Et
596 1086 680 1128 post
695 1082 886 1128 dialogum

109 1133 154 1168 de
169 1129 459 1167 *resurrectione
480 1140 565 1166 cum
594 1129 751 1166 Domino
778 1129 885 1166 habi-

110 1183 189 1216 tum
212 1190 221 1214 ι
243 1178 350 1215 Abiit
379 1207 387 1220 ‚
416 1180 449 1214 et
474 1179 618 1213 vocavit
644 1179 801 1213 Mariam
826 1188 884 1212 so-

110 1236 227 1262 rorem
244 1236 348 1262 suam
362 1225 521 1266 silentio,
543 1224 665 1260 dicens
683 1236 691 1260 :
708 1226 886 1268 Μαῃίεῐθν

111 1274 224 1315 adest,
249 1276 282 1308 et
323 1275 426 1308 vocat
447 1274 492 1308 te.
522 1271 591 1307 Ubi
615 1272 846 1315 Anqustinus
874 1282 882 1307 ε

115 1335 133 1354 «
160 1319 415 1357 Avertendum
439 1318 538 1365 quod
559 1329 801 1365 suppressam
822 1330 886 1355 vo-

112 1379 193 1405 cem
226 1366 415 1403 silentium
448 1365 606 1402 vocavit.
637 1366 724 1402 Ideo
760 1369 886 1402 autem

115 1414 259 1452 occulte
289 1424 458 1450 sororem
493 1416 613 1458 vocat,
636 1413 724 1459 quia
755 1413 786 1449 si
818 1413 884 1450 sei-

113 1463 253 1499 vissent
272 1463 291 1498 J
297 1460 392 1497 udaei
413 1459 604 1497 Christum
625 1460 814 1504 advenire,
831 1472 887 1497 re-

113 1509 329 1553 cessissent,
355 1510 392 1544 et
412 1519 489 1544 non
512 1508 667 1544 fuissent
685 1510 801 1544 testes
820 1508 885 1544 mi-

111 1557 231 1594 raculi
250 1568 259 1592 z
279 1569 297 1589 »
327 1556 407 1591 haec
432 1555 676 1599 Augustinus.
691 1555 758 1591 Illa
778 1566 883 1600 vero,

113 1604 230 1641 Maria
268 1602 424 1647 scilicet,
451 1605 491 1638 ut
524 1603 681 1648 audivit,
712 1605 832 1646 sumit
865 1613 887 1639 a

113 1651 238 1698 quiete
256 1649 583 1696 contemplationis
602 1652 670 1685 cito
698 1660 764 1695 per
783 1649 885 1686 desi-

111 1698 256 1736 derium
274 1697 411 1742 cordiS,
428 1701 461 1733 et
480 1699 578 1733 venit
594 1708 636 1732 ex
657 1707 796 1743 magna
813 1697 886 1733 de-

111 1746 262 1783 votione
280 1745 328 1781 ad
345 1756 424 1780 eum
438 1748 544 1781 extra
559 1744 768 1789 castellum,
781 1744 819 1780 iu
835 1745 884 1780 lo-

114 1804 211 1838 cum,
227 1793 288 1830 ubi
307 1792 341 1828 ei
361 1793 509 1828 Martha
525 1797 754 1828 occurrerat.
771 1793 891 1828 Judoez‘

115 1852 211 1886 erae,
229 1839 519 1886 Jerosolymitae,
542 1842 578 1875 et
598 1839 676 1883 alii,
702 1842 766 1885 qui
787 1842 890 1875 erunt

117 1899 195 1924 cum
211 1899 265 1932 ea,
277 1889 315 1923 ίη
337 1888 440 1923 domo
459 1891 491 1923 et
508 1887 788 1923 consolabantur
799 1898 890 1927 eum,

117 1947 196 1972 cum
216 1936 394 1971 vidissent
410 1936 582 1978 Mariam,
594 1936 682 1979 quia
695 1937 891 1970 cicosurre-

121 1986 179 2020 aeit
198 1986 231 2019 et
244 1984 348 2021 eoeiit.
360 1983 473 2018 secuti
486 1985 569 2017 sunt
584 1993 673 2025 eum,
696 1982 893 2018 credentes

123 2030 210 2077 quia
224 2030 296 2066 iret
311 2029 358 2066 ad
379 2032 679 2073 monumentum,
694 2032 733 2064 ut
750 2029 800 2065 ibi
818 2030 896 2075 plo-

121 2080 239 2122 raret,
268 2080 304 2112 et
330 2076 541 2112 nescientes
569 2076 669 2123 quod
695 2076 769 2112 illic
789 2078 896 2113 Jesus

128 2127 240 2161 esset,
267 2123 401 2160 Divina
433 2127 559 2160 autem
582 2123 818 2170 providentia
847 2125 898 2160 fa-

126 2174 229 2208 ctum
260 2174 317 2207 est
341 2174 382 2207 ut
404 2181 487 2207 eam
515 2175 775 2217 sequerentur,
795 2171 896 2218 quia,

123 2218 330 2256 secundum
362 2218 622 2263 Achustz'num,
644 2219 725 2254 haee
751 2218 897 2255 occasio

125 2265 214 2302 fecit
233 2268 276 2301 ut
295 2266 423 2312 plures
440 2265 491 2302 ibi
506 2268 644 2311 essent,
665 2267 814 2312 quando
827 2268 896 2303 La-

127 2323 237 2350 zarus
267 2312 469 2349 suscitatus
501 2316 570 2357 est,
589 2317 631 2349 ut
659 2316 736 2349 tam
754 2314 900 2361 grande

124 2360 348 2397 miraculum
363 2359 602 2406 quatriduani
619 2360 755 2396 mortui
772 2372 898 2397 resur-

125 2409 249 2455 gentis
269 2410 385 2443 testes
405 2407 587 2453 plurimos
604 2406 801 2444 inveniret.
822 2410 899 2445 Μα-

125 2457 186 2492 ria
206 2465 302 2499 erqo,
323 2466 402 2490 eum
432 2457 587 2490 venisset
607 2456 670 2490 ubi
690 2459 767 2491 erat
782 2457 897 2500 Jesus,

126 2503 256 2539 videns
276 2513 354 2537 eum
375 2503 517 2546 cecidit,
543 2512 584 2537 ex
617 2502 829 2541 devotione.
853 2504 902 2539 ad

125 2551 236 2597 pedes
256 2549 348 2594 ejus,
368 2549 467 2594 apud
488 2559 581 2594 quos
604 2549 901 2587 misericordiam

131 2600 169 2634 et
206 2600 446 2644 peccatorum
486 2596 633 2632 veniam
671 2607 710 2633 se
748 2602 903 2634 noverat

133 2643 228 2681 alias
244 2647 506 2688 consecutam3
530 2647 562 2679 et
580 2645 678 2679 dimit
694 2646 739 2685 ei,
754 2644 850 2681 sicut
866 2648 902 2681 et

134 2693 280 2729 Martha
316 2691 459 2728 dixerat
481 2702 490 2726 z
523 2693 684 2735 Domine,
702 2693 735 2727 si
769 2694 902 2737 fuisses

135 2741 205 2782 hie,
227 2750 297 2775 non
331 2742 421 2775 esset
453 2742 615 2774 mortuus
640 2739 758 2782 frater
788 2751 900 2776 meus.

136 2788 187 2822 Ex
208 2787 280 2824 hoc
299 2789 425 2824 autem
448 2786 547 2833 quod
575 2785 692 2823 Maria
718 2786 770 2823 sic
798 2787 902 2823 festi-

952 229 1053 266 navit
1078 228 1125 265 ad
1149 239 1248 271 eum,
1274 231 1392 276 patet,
1415 228 1623 265 secundnm
1647 226 1726 262 Au-

950 279 1150 322 gustinum.
1173 276 1272 323 quod
1288 287 1375 315 non
1395 275 1499 313 illam
1520 273 1727 322 praevenis-

952 327 1008 360 set
1028 325 1185 370 Martha,
1208 323 1238 359 si
1255 324 1287 360 ei
1307 327 1418 360 notus
1433 324 1566 360 fuisset
1586 322 1734 360 adven-

952 375 1011 408 tus
1030 374 1153 409 Jesus.
1180 374 1247 407 Per
1270 372 1340 408 hoc
1360 373 1473 408 etiam
1498 371 1600 417 quod
1624 371 1732 406 Mar-

953 420 1018 456 tha
1048 424 1085 456 et
1117 418 1234 455 Maria
1272 419 1519 456 obviaverunt
1553 416 1733 462 Domino,

954 477 1031 503 non
1068 470 1327 512 exspectantes
1363 466 1568 503 adventum
1598 464 1732 511 ipsius,

955 515 1065 551 datur
1098 513 1272 559 intelligi,
1307 514 1408 560 quod
1445 524 1528 549 cum
1562 514 1734 549 volumus

955 564 1031 598 Deo
1051 561 1301 605 reconciliari,
1327 561 1509 597 debemus
1536 559 1570 596 ei
1602 569 1732 595 occur-

955 620 1039 646 rere
1060 619 1125 654 per
1150 608 1426 655 poenitentiam,
1458 611 1665 653 antequam
1687 605 1736 642 ad

958 667 1025 692 nos
1052 656 1177 692 veniat
1204 666 1268 700 per
1297 654 1522 698 vindictam‚·
1552 653 1639 700 quia
1667 663 1736 689 nos

958 707 1172 750 peccatores
1194 713 1321 739 sumus
1355 705 1390 738 et
1424 702 1630 738 meruimus
1652 711 1735 747 per-

958 750 1171 788 cussionem
1200 753 1236 786 et
1260 760 1422 796 poenam.
1443 751 1570 786 Cessat
1591 752 1733 793 autem,

957 802 997 835 ut
1026 798 1115 834 dicit
1145 798 1373 840 Ambrosius,
1397 796 1526 833 divina
1554 795 1733 840 vindicta,

959 846 990 882 si
1023 845 1206 882 consessio
1240 847 1448 892 przecurrat
1480 845 1664 888 humana3
1698 846 1737 879 et

960 904 1043 930 cum
1066 894 1237 929 volumus
1270 892 1414 929 Christo
1445 892 1530 936 frui,
1553 902 1637 928 eum
1674 901 1737 927 ve-

960 941 1125 977 nientem
1146 941 1410 986 anticipemus,
1424 950 1499 975 non
1518 941 1736 985 exspectan-

960 991 1014 1025 tes
1052 989 1151 1034 quod
1184 988 1263 1033 ipse
1299 987 1408 1023 nobis
1443 986 1737 1030 condescendat,

960 1036 1026 1072 sed
1056 1046 1125 1071 nos
1156 1035 1281 1082 potius
1309 1034 1357 1070 ad
1391 1045 1477 1070 eum
1500 1034 1736 1070 festinemus.

1009 1086 1027 1118 5
1050 1085 1242 1126 FREMITUS,
1282 1094 1456 1118 Tunssii'rio
1494 1093 1536 1117 ET
1568 1092 1739 1117 LACRYMAE

961 1132 1117 1168 CHRISTI.
1148 1151 1192 1157 -
1214 1132 1316 1165 Jesus
1352 1140 1447 1174 erqo,
1477 1134 1516 1164 ut
1542 1130 1639 1165 videt
1660 1139 1739 1164 eam

957 1180 1179 1224 plorantem,
1219 1177 1359 1213 scilicet
1396 1176 1566 1221 Mariam,
1595 1180 1627 1212 et
1671 1178 1740 1211 Ju-

961 1226 1067 1269 daeos,
1091 1227 1157 1270 qui
1187 1228 1359 1260 venerant
1385 1235 1464 1260 cum
1489 1235 1530 1259 ea
1551 1225 1738 1269 plorantes

962 1273 1007 1309 de
1030 1276 1150 1308 morte
1169 1271 1294 1317 amici,
1315 1273 1507 1315 infremuit
1528 1273 1667 1317 spiritu
1705 1273 1739 1306 et

962 1321 1125 1356 turbavit
1157 1321 1329 1365 seipsum,
1348 1319 1555 1355 humanum
1588 1318 1742 1354 demon-

963 1371 1087 1403 strans
1105 1367 1280 1403 affectum
1312 1366 1351 1402 in
1385 1366 1488 1402 luctu
1517 1366 1738 1402 amicorum.

962 1415 1174 1459 Fremebat,
1189 1419 1292 1450 extra
1310 1424 1443 1450 sonum
1459 1413 1621 1461 lugentis
1636 1412 1743 1448 emit-

961 1465 1068 1505 tens;
1108 1462 1332 1498 turbabatur
1372 1460 1474 1498 intus
1493 1489 1502 1506 ,
1547 1460 1740 1496 miseriam

962 1508 1190 1546 conditionis
1249 1510 1424 1544 humanoe
1473 1508 1737 1544 considerans.

962 1556 1140 1593 Turbavit
1167 1567 1220 1600 se,
1238 1566 1348 1602 quem
1369 1555 1465 1592 alius
1484 1556 1640 1592 turbare
1662 1565 1740 1590 non

962 1604 1094 1650 potuit.
1117 1605 1189 1639 Nos
1210 1604 1408 1640 turbamur
1428 1614 1471 1639 ex
1495 1602 1736 1644 necessitate,

963 1652 1041 1698 ipse
1066 1654 1193 1687 autem
1221 1662 1262 1687 ex
1288 1651 1491 1686 voluntate.
1517 1650 1576 1687 Sic
1603 1659 1740 1686 omnes

964 1700 1128 1735 desectus
1146 1698 1405 1744 hujuscemodi
1434 1699 1598 1745 suscepit
1616 1726 1624 1741 ,
1648 1697 1738 1743 quia

962 1745 1093 1782 voluit.
1118 1747 1222 1781 Unde
1253 1746 1486 1789 Augustinus
1511 1758 1521 1780 .·
1547 1759 1563 1778 α
1592 1746 1743 1781 Turba-

964 1797 1022 1830 tus
1041 1798 1096 1829 est
1109 1792 1291 1837 Christus,
1305 1792 1391 1838 quia
1406 1793 1522 1828 voluit
1542 1804 1550 1836 ;
1571 1791 1744 1837 esurivit,

966 1842 1052 1887 quia
1078 1840 1220 1884 voluit3
1250 1840 1287 1875 in
1313 1839 1413 1876 illius
1441 1843 1628 1886 potestate
1664 1842 1748 1876 erat

967 1889 1020 1924 sic
1043 1889 1098 1924 vel
1124 1887 1176 1923 sie
1202 1887 1316 1931 affici,
1341 1887 1397 1923 vel
1419 1898 1493 1923 non
1526 1886 1640 1923 affici.
1660 1900 1678 1919 υ
1703 1888 1749 1923 Et

969 1939 1058 1972 nota
1072 1935 1173 1981 quod
1191 1935 1362 1970 fremitus
1379 1934 1569 1980 consurgit
1584 1945 1625 1971 ex
1644 1933 1748 1970 indi-

969 1984 1145 2029 gnatione
1171 1982 1218 2018 ad
1238 1983 1438 2028 objectum.
1462 1984 1534 2018 Iste
1562 1993 1650 2028 ergo
1671 1981 1745 2018 fre-

969 2031 1082 2066 mitus
1106 2028 1241 2065 Christi
1262 2030 1487 2074 procedebat
1508 2040 1550 2065 ex
1572 2029 1746 2075 indigna-

969 2078 1072 2114 tione
1110 2077 1192 2123 ejus
1208 2079 1340 2112 contra
1360 2075 1566 2121 diabolum,
1588 2087 1655 2122 per
1675 2087 1746 2112 eu-

967 2126 1028 2172 jus
1064 2123 1342 2171 suggestionem
1379 2134 1480 2160 mors
1518 2123 1674 2160 intravit
1709 2124 1748 2159 in

972 2172 1166 2215 mundum,
1195 2181 1306 2216 quem
1332 2176 1414 2207 erat
1440 2171 1512 2207 cito
1538 2171 1748 2207 debellatu-

972 2230 1048 2256 rus.
1071 2218 1247 2255 Turbatio
1280 2222 1407 2255 autem
1439 2218 1503 2254 illa
1522 2218 1752 2265 procedebat

973 2278 1016 2304 ex
1054 2265 1312 2312 compassione
1349 2266 1479 2302 Lazari
1504 2269 1540 2302 et
1579 2275 1754 2302 sororum

974 2315 1068 2362 eJ'us,
1091 2314 1178 2361 quia
1196 2316 1236 2349 ut
1257 2324 1367 2349 verus
1392 2314 1504 2350 homo
1528 2324 1571 2349 ex
1592 2314 1756 2359 quadam

975 2360 1137 2398 naturali
1158 2359 1360 2396 affectione
1384 2362 1501 2397 flebat
1521 2371 1605 2397 cum
1626 2360 1755 2397 ssenti-

975 2410 1059 2453 buS‚
1082 2413 1121 2444 ut
1148 2418 1217 2444 nos
1248 2409 1452 2444 instrueret
1474 2408 1575 2454 quod
1594 2407 1757 2445 aliorum

975 2454 1139 2492 miseriis
1167 2455 1328 2502 compati
1362 2456 1555 2492 debemus.
1581 2457 1667 2491 Istae
1697 2458 1755 2492 ta-

977 2515 1064 2540 men
1103 2502 1298 2549 passiones
1341 2506 1377 2539 et
1418 2502 1633 2539 consimiles
1677 2513 1756 2538 non

977 2555 1086 2588 erant
1109 2551 1147 2586 in
1170 2549 1316 2587 Christo
1348 2549 1505 2595 vitiosae,
1539 2550 1605 2587 sed
1634 2549 1754 2596 magis

976 2598 1165 2643 virtuosae,
1197 2596 1286 2644 quia
1318 2608 1393 2633 non
1428 2600 1535 2634 erant
1568 2598 1753 2644 praeveni-

977 2649 1082 2682 entes
1116 2644 1299 2692 judicium
1333 2645 1504 2690 rationis,
1533 2645 1600 2681 sed
1631 2644 1752 2689 magis

978 2699 1176 2740 sequentes
1195 2695 1232 2728 et
1248 2702 1315 2738 per
1333 2692 1454 2739 ipsun]
1477 2692 1658 2729 excitatae.
1678 2694 1752 2729 Iste

977 2751 1065 2776 vero
1101 2739 1271 2776 fremitus
1309 2742 1345 2776 et
1379 2742 1458 2776 haee
1486 2739 1651 2776 turbatio
1679 2750 1748 2776 nos

977 2788 1099 2833 docet,
1129 2787 1217 2834 quid
1246 2797 1315 2824 nos
1346 2797 1496 2834 quoque
1527 2786 1567 2823 in
1600 2786 1665 2824 tali
1705 2797 1748 2822 re
