1907 3139
360 164 409 198 DE
450 162 793 196 VENTILATIONE
832 163 954 197 AREAE
993 163 1035 195 IN
1074 161 1285 195 EXTREMO
1324 160 1504 193 JUchto.
1696 154 1754 189 313

113 233 213 272 enim
239 233 321 269 haec
343 234 398 268 est
435 229 695 266 munificentia
727 241 794 276 pro
816 233 893 267 tam

109 281 239 329 parvis
266 284 302 316 et
331 278 469 315 vilibus
504 277 640 313 coelum
675 280 819 313 tanturn
857 282 893 313 ot

109 339 284 376 regnum,
314 329 350 362 et
388 328 466 361 tam
504 335 687 370 magnum
726 325 779 361 eis
810 325 891 361 dari

109 378 292 413 honorem
314 386 321 409 :
337 386 354 407 »
367 373 449 408 haec
465 373 752 418 Chrysostomus.
770 375 890 409 AEter-

109 434 203 460 num
226 425 280 458 est
310 431 398 467 ergo
437 419 662 465 supplicium
689 421 890 464 malorum,

109 474 147 507 et
168 469 342 505 similiter
360 468 559 514 praemium
578 468 778 511 bonorum,
797 467 893 503 sicut

109 517 209 554 enim
232 518 387 563 peccata
401 515 564 551 actualia
578 518 777 551 transeunt
791 519 889 559 actu,

108 570 146 601 et
169 566 370 600 remanent
391 565 525 607 reatu;
564 562 616 598 ita
639 563 740 598 bona
774 573 891 608 opera

108 613 308 648 transeunt
329 613 428 653 actu,
450 612 487 646 et
519 613 718 646 remanent
740 610 888 645 merito.

109 659 216 695 Unde
237 660 480 702 Hieronymus
503 669 512 693 ι
536 672 552 689 α
581 658 751 693 Prudens
772 657 890 693 lector

108 706 275 747 attende,
304 705 404 751 quod
446 707 482 740 et
523 705 707 751 supplicia
746 708 890 740 aeterna

107 754 208 797 sint;
228 757 266 789 et
289 754 367 788 vita
384 755 584 798 perpetua,
608 756 751 788 metum
774 753 889 788 dein-

108 812 196 847 ceps
220 811 294 836 non
316 800 454 835 habeat
473 799 681 835 ruinarum.
708 813 725 833 »

162 863 198 884 11
225 849 299 884 Con
314 859 358 882 DE
382 858 630 882 MisERICORDIA
648 859 771 883 Portus
794 858 889 887 QUAM

107 906 153 931 nn
177 906 335 931 JUSTITIA
355 894 621 934 msomnnrun‘?
644 916 675 920 ν
704 896 747 930 Et
762 899 891 930 notan-

109 943 212 985 dum,
234 943 334 988 quod
358 942 484 987 potius
517 942 561 977 fit
599 941 819 988 disceptatio
846 942 889 977 de

110 989 291 1036 operibus
312 989 596 1033 misericordiae,
612 999 723 1034 quam
739 989 784 1024 de
806 999 890 1035 ope-

107 1037 214 1073 ribus
231 1037 404 1083 juststiae,
427 1047 512 1072 cum
544 1041 669 1072 tamen
695 1035 815 1083 magis
836 1040 890 1072 te-

108 1095 268 1121 neamur
294 1084 341 1119 ad
359 1083 655 1130 operaJustitiae,
670 1086 758 1129 quia
777 1094 892 1129 opera

109 1131 384 1168 misericordiae
416 1131 588 1167 faciliora
617 1135 703 1167 sunt
726 1143 733 1167 z
756 1138 892 1167 natura

111 1181 213 1215 enim
236 1178 283 1214 ad
302 1179 383 1214 haec
409 1177 578 1222 inclinat,
609 1182 646 1214 et
667 1179 751 1214 ideo
770 1179 891 1224 magis

112 1226 309 1272 arguenda
330 1226 395 1261 ubi
417 1225 611 1270 deficiunt,
634 1229 670 1261 et
691 1226 816 1262 minus
836 1237 892 1262 re-

108 1273 349 1309 muneranda
368 1272 432 1308 ubi
452 1274 499 1309 ad
521 1277 620 1309 sunt.
650 1275 694 1308 Et
721 1284 831 1319 ergo,
861 1275 890 1309 si

110 1322 183 1357 ista
202 1323 508 1365 remunerantur,
530 1324 567 1356 et
590 1320 676 1356 alia.
698 1322 803 1365 Item,
829 1332 891 1368 po-

106 1367 182 1404 tius
211 1368 336 1413 arguit
372 1367 419 1403 de
454 1368 673 1412 omissione,
705 1379 817 1414 quam
844 1370 891 1405 de

111 1414 380 1451 commissione
401 1443 410 1459 ,
447 1426 530 1451 cum
569 1420 696 1451 tamen
736 1416 890 1462 maJ'oris

109 1462 280 1499 criminis
301 1463 377 1498 sint
410 1464 625 1507 commissa,
649 1468 686 1498 et
706 1463 790 1499 ideo
809 1474 889 1499 ma-

108 1509 166 1556 gis
199 1510 407 1555 arguenda,
449 1512 537 1555 quia
572 1510 763 1555 puniendo
792 1511 892 1556 quod

108 1556 234 1592 minus
255 1560 328 1600 est,
348 1557 472 1591 innuit
492 1557 652 1602 amplius
674 1557 890 1593 faciendum

107 1604 154 1640 de
173 1604 400 1650 rnaJ'oribus3
420 1604 450 1639 si
470 1606 570 1640 enim
592 1606 732 1640 omissa
752 1605 890 1651 arguit,

107 1651 225 1687 multo
266 1651 350 1697 plus
385 1651 597 1688 commissa.
634 1654 741 1696 Item,
772 1654 893 1697 magis

107 1699 250 1744 arguit,
291 1699 337 1734 de
378 1699 541 1745 peccatis
583 1699 622 1735 in
666 1699 892 1746 proximum,

107 1756 222 1792 quam
259 1747 297 1780 in
320 1747 451 1789 Deum,
494 1746 582 1791 quia
608 1746 638 1781 si
672 1751 825 1792 peccata
855 1748 893 1783 in

107 1793 323 1840 proximum
341 1794 657 1837 condemnantur,
681 1794 797 1830 multo
816 1806 894 1830 ma-

109 1840 166 1886 gis
199 1844 355 1886 peccata
386 1842 423 1875 in
446 1842 575 1886 Deum,
595 1844 635 1876 ut
660 1841 894 1887 blasphemia

112 1892 152 1924 et
171 1886 397 1923 idololatria.
420 1890 526 1932 Item,
552 1899 635 1924 cum
658 1892 800 1934 septem
820 1889 894 1924 sint

114 1946 229 1981 opera
262 1934 546 1981 misericordiae,
588 1946 720 1980 unum,
758 1936 897 1972 scilicet

114 1983 346 2028 sepulturam
386 1987 634 2026 mortuorum,
665 1983 711 2018 de
755 1994 828 2029 qua
854 1983 894 2019 in

114 2034 263 2066 tantum
293 2029 426 2065 Tobias
453 2030 754 2075 commendatur,
775 2030 894 2066 omit—

114 2076 171 2121 tit,
207 2076 297 2122 quia
323 2077 448 2113 minus
472 2081 528 2113 est
560 2079 775 2113 necessaria
795 2078 895 2114 inter

113 2127 237 2160 cetera
252 2135 365 2170 opera
386 2124 668 2160 misericordiae.
685 2127 792 2169 item,
809 2136 893 2160 cum

110 2171 158 2207 sit
184 2171 446 2207 misericordia
473 2171 680 2218 corporalis
715 2176 752 2208 et
779 2172 890 2218 spiri-

110 2219 240 2263 tualis,
258 2218 383 2264 potius
397 2219 585 2255 defectum
599 2218 725 2264 arguit
737 2230 893 2265 operum

112 2265 380 2312 corporalium,
394 2276 507 2312 quam
520 2266 787 2312 spiritualium,
806 2267 895 2313 quia

113 2323 229 2360 opera
249 2314 460 2359 corporalia
471 2318 559 2349 sunt
570 2313 819 2358 evidentiora,
835 2315 893 2350 vel

111 2370 180 2407 per
195 2361 266 2396 hoc
284 2364 397 2396 etiam
416 2361 678 2407 significantur
697 2360 774 2396 illa.

163 2421 202 2444 12
224 2409 425 2444 SENTENT1A
444 2410 580 2445 JUDICIS
602 2420 728 2444 murus
755 2420 891 2444 MENTA-

112 2465 166 2490 L1s
181 2467 228 2491 AN
244 2456 417 2491 VOCALIS?
437 2476 482 2482 -
504 2457 632 2491 Potest
652 2459 777 2491 autem
798 2467 893 2501 quae-

112 2501 145 2537 ri
170 2504 296 2538 utrum
318 2502 382 2538 illa
402 2503 623 2549 disceptatio
641 2508 678 2538 et
705 2503 893 2539 sententia

113 2547 186 2584 erit
206 2549 358 2594 vocalis,
379 2551 437 2587 vel
457 2551 630 2586 mentalis
664 2554 834 2593 tautum3
858 2554 893 2586 et

112 2595 261 2631 videtur
296 2597 395 2642 quod
428 2598 582 2642 vocalis,
607 2597 709 2643 quia,
737 2601 779 2633 ut
805 2598 895 2633 dicit

114 2644 358 2687 Auqustinus,
384 2655 452 2691 per
479 2649 569 2691 quot
590 2646 670 2680 dies
696 2645 767 2680 hoc
786 2644 893 2691 Judi—

115 2689 214 2726 cium
242 2691 428 2736 tendatur,
454 2691 637 2728 incertum
662 2695 736 2734 est;
766 2692 830 2727 sed
864 2693 894 2728 si

116 2736 330 2773 mentaliter
349 2738 457 2775 fieret
482 2743 643 2782 tantum,
669 2738 794 2774 statim
828 2750 894 2775 ex-

116 2784 321 2834 pediretur.
347 2786 374 2821 E
399 2789 529 2823 contra
566 2786 721 2833 quidam
746 2786 889 2826 dicunt.

971 231 1070 277 quod
1093 230 1277 277 judicium
1304 229 1375 265 erit,
1401 226 1581 271 mentale,
1608 227 1646 261 et
1673 235 1749 260 non

969 279 1112 322 vocale,
1130 277 1238 313 aliter
1260 277 1378 312 multo
1401 279 1571 320 tempore
1592 277 1745 319 proten-

969 326 1148 369 deretur;
1176 324 1277 361 unde
1305 323 1461 369 Sapiens
1490 333 1497 356 ε
1537 322 1746 365 Disrumpet

968 375 1052 409 illos
1081 375 1227 418 inflatos
1259 373 1337 407 sine
1368 380 1463 405 voce.
1495 368 1567 404 Alii
1600 367 1745 411 dieunt,

969 422 1056 466 quia
1075 426 1110 456 et
1136 419 1300 456 mentale
1324 418 1396 454 erit
1415 415 1587 457 interius,
1616 420 1746 467 et'vo—

968 468 1047 504 calc
1069 467 1230 504 exterius
1246 478 1253 511 ;
1272 462 1556 512 quiajudicabit
1578 463 1746 498 Chi-istus

966 527 1041 552 non
1075 519 1223 552 tantum
1257 517 1297 550 ut
1318 515 1432 556 Deus,
1461 510 1526 546 sed
1548 512 1588 545 ut
1618 510 1746 561 homo,

966 562 1050 599 ideo
1083 564 1165 609 ejus
1188 561 1371 608 judicium
1399 558 1470 595 erit
1510 568 1585 593 non
1621 557 1748 591 divino

966 611 1077 646 modo
1090 614 1248 652 tantum,
1262 609 1326 645 sed
1341 608 1520 643 humano.
1536 606 1584 639 Ex
1600 604 1669 639 hoc
1685 614 1748 638 au-

965 660 1040 693 tem
1068 658 1190 704 majus
1212 655 1392 702 gaudium
1419 651 1598 703 sensibile
1619 651 1746 686 bono—-

964 716 1062 749 rum,
1086 709 1122 742 et
1140 705 1261 750 major
1283 703 1392 739 dolor
1410 699 1602 737 sensibilis
1621 707 1747 749 repro-

966 753 1099 788 borum
1135 752 1227 792 erit:
1258 750 1357 787 unde
1395 760 1473 785 non
1506 748 1646 782 frustra
1674 747 1746 796 erit

966 800 1049 843 hoc,
1071 800 1136 836 sed
1168 799 1312 835 utiliter
1347 798 1443 833 sicut
1476 799 1513 830 et
1540 791 1750 846 corppralis

966 847 1151 892 apparitio
1190 847 1402 882 hominum.
1444 842 1536 879 Huic
1581 850 1749 886 opinioni

966 894 1195 930 adliaerendo
1230 893 1431 929 dicendum
1465 890 1513 926 ad
1543 889 1749 940 object-um,

967 943 1161 987 sapientiae
1181 942 1305 976 locum
1325 939 1424 985 quod
1441 938 1652 989 disrumpet
1666 934 1751 970 illos

968 990 1048 1025 sine
1068 1000 1158 1025 voce
1182 986 1434 1024 excusationis
1452 985 1674 1021 sufficientis
1691 982 1747 1034 rel

968 1037 1255 1083 appellationis3
1278 1035 1344 1071 sed
1365 1044 1441 1070 non
1463 1033 1544 1068 sine
1565 1041 1656 1067 voce
1678 1030 1750 1065 dis-

968 1083 1193 1130 ceptationis
1212 1081 1412 1129 generalis.

1020 1135 1060 1167 15
1100 1134 1380 1167 Rnrmeurioms
1425 1140 1467 1164 ET
1503 1138 1745 1164 naumriouis

968 1191 1098 1215 causas.
1130 1202 1133 1203 γ
1186 1180 1238 1214 De
1260 1176 1409 1213 motivis
1436 1179 1561 1212 autem
1589 1175 1746 1221 hujusce

969 1226 1165 1263 sententiae
1204 1225 1256 1261 sic
1294 1226 1407 1261 habet
1452 1224 1708 1274 Auquscinas·
1735 1232 1744 1256 ε

971 1292 985 1305 «
1010 1276 1143 1318 Quaere
1165 1284 1297 1309 causas
1332 1273 1389 1307 vel
1408 1274 1522 1307 tantae
1546 1269 1745 1312 mercedis,

968 1323 1026 1358 vel
1047 1321 1142 1358 tanti
1165 1319 1361 1367 supplicii:
1383 1321 1564 1365 Percipite
1581 1328 1746 1362 reqnum,

970 1373 1065 1413 etc.;
1087 1367 1125 1405 et
1154 1381 1162 1404 :
1200 1370 1249 1404 Ite
1268 1370 1307 1403 in
1328 1370 1447 1411 ignem
1468 1370 1653 1405 aeternum,
1677 1370 1748 1400 etc.

970 1419 1092 1461 Quare
1119 1416 1172 1452 illi
1212 1414 1424 1462 percepturi
1446 1424 1604 1459 regnum
1621 1413 1639 1448 ⁶?
1659 1414 1753 1448 Esu-

968 1468 1042 1500 rivz'
1061 1466 1169 1504 enim,
1189 1468 1222 1498 et
1243 1464 1396 1497 dedistis
1411 1464 1504 1497 mihi
1515 1461 1750 1504 manducare,

970 1515 1039 1548 etc.
1070 1513 1192 1554 Quare
1210 1509 1269 1545 isti
1292 1509 1379 1545 ituri
1413 1508 1597 1554 inignem
1634 1510 1749 1542 aeter-

970 1560 1091 1595 num?
1123 1559 1276 1594 Esurivz'
1306 1559 1414 1602 enim,
1438 1560 1471 1592 et
1495 1567 1567 1592 non
1593 1556 1748 1590 dedistis

969 1609 1061 1642 mihi
1083 1606 1319 1647 manducare,
1340 1607 1411 1639 etc.
1449 1603 1544 1647 Quid
1579 1605 1635 1638 cst
1662 1602 1750 1642 hoc,

970 1654 1095 1700 rogo?
1121 1653 1238 1688 Video
1273 1652 1319 1688 de
1348 1651 1406 1687 his
1439 1650 1501 1697 qui
1537 1648 1751 1697 percepturi

971 1704 1055 1738 sunt
1069 1711 1243 1746 regnum,
1258 1699 1345 1745 quia
1361 1699 1547 1735 dederunt
1560 1701 1752 1743 tamquam

970 1749 1060 1785 boni
1088 1753 1124 1784 et
1154 1747 1288 1783 fideles
1312 1746 1529 1790 Christiani,
1553 1745 1615 1791 qui
1637 1745 1753 1780 verba

971 1795 1119 1832 Domini
1153 1805 1229 1829 non
1259 1797 1560 1837 contemnentes,
1592 1797 1628 1828 et
1667 1801 1750 1827 cum

971 1843 1110 1879 fiducia
1139 1840 1324 1888 promissa
1353 1845 1550 1886 sperantes
1582 1841 1752 1876 fecerunt

970 1892 1060 1935 hoc3
1083 1889 1182 1935 quia,
1208 1888 1239 1923 si
1260 1899 1334 1923 non
1353 1888 1635 1932 fecissent,vitae
1650 1887 1751 1931 ipso-

971 1949 1054 1974 rum
1076 1938 1186 1972 bonae
1215 1935 1394 1971 sterilitas
1420 1935 1493 1970 ista
1522 1946 1598 1971 non
1618 1934 1749 1979 utique

972 1984 1224 2021 convenisset.
1247 1984 1356 2018 Forte
1378 1982 1476 2019 enim
1502 1984 1593 2018 casti
1627 1985 1750 2026 erant,

970 2044 1046 2068 non
1069 2032 1323 2074 fraudatores,
1352 2041 1428 2066 non
1454 2030 1607 2074 ebriosi,
1626 2028 1751 2065 absti-

973 2082 1106 2115 nentes
1126 2090 1165 2114 se
1186 2079 1232 2113 ab
1261 2077 1438 2123 operibus
1470 2077 1605 2121 malis3
1629 2078 1659 2112 si
1680 2077 1751 2112 hoc

971 2138 1045 2162 non
1073 2126 1269 2168 adderent,
1307 2125 1454 2161 steriles
1493 2129 1751 2168 remanerent,

971 2173 1149 2210 fecissent
1178 2172 1293 2216 enim,
1315 2172 1459 2208 declina
1479 2184 1501 2207 a
1533 2175 1651 2214 malm
1672 2180 1748 2207 non

970 2221 1159 2263 fecissent,
1177 2223 1210 2255 et
1224 2221 1285 2262 fcio
1305 2220 1445 2257 bonum.
1464 2220 1652 2266 Scriptum
1669 2224 1723 2255 est
1740 2231 1749 2255 ι

970 2270 1072 2305 Sicut
1095 2278 1192 2313 aqua
1210 2268 1415 2311 eoestinquzt
1435 2270 1568 2312 ionem,
1589 2270 1642 2304 sic
1662 2269 1750 2303 elee-

968 2318 1337 2360 mosynapeccatmm
1354 2316 1455 2359 item,
1471 2314 1655 2361 scriptum
1666 2319 1745 2352 est:

970 2363 1147 2400 conclude
1167 2363 1427 2406 eleemosynam
1446 2365 1485 2398 in
1500 2364 1604 2398 corde
1614 2374 1750 2409 paupe-

967 2413 1034 2454 ris,
1051 2413 1084 2445 et
1105 2412 1177 2445 haec
1195 2420 1261 2454 pro
1280 2412 1313 2443 te
1333 2411 1499 2445 esem-abit
1520 2412 1721 2446 Dominum
1738 2421 1747 2454 ;

969 2461 1006 2493 et
1031 2457 1105 2493 alia
1126 2456 1244 2492 multa
1264 2460 1351 2491 sunt
1382 2457 1499 2493 dlvini
1520 2457 1659 2503 eloquii
1685 2458 1750 2493 do-

969 2508 1095 2550 gmata
1116 2505 1251 2550 quibus
1266 2505 1477 2541 ostenditur
1492 2506 1652 2541 multum
1675 2516 1747 2540 va—

968 2552 1045 2588 lere
1084 2552 1364 2596 eleemosynam
1399 2553 1446 2588 ad
1475 2552 1746 2598 exstinguenda

969 2602 1006 2635 et
1020 2600 1178 2635 delenda
1198 2602 1363 2645 peccata,
1385 2600 1547 2636 Proinde
1562 2600 1634 2635 illis
1656 2611 1749 2646 quos

970 2647 1230 2690 damnaturus,
1253 2644 1329 2680 imo
1353 2648 1435 2692 plus
1462 2647 1536 2682 illis
1557 2657 1651 2693 quos
1678 2658 1747 2682 co—

968 2697 1167 2730 ronaturus
1188 2699 1244 2729 est
1266 2692 1366 2729 solas
1397 2695 1654 2740 eleemosynas
1674 2694 1744 2730 im-

967 2742 1129 2787 putabit,
1153 2741 1283 2777 dicens
1310 2751 1319 2776 z
1351 2741 1514 2778 Difficile
1547 2745 1602 2777 est
1639 2745 1679 2777 ut
1714 2741 1744 2777 si

969 2788 1179 2826 examinem
1211 2800 1278 2825 vos
1310 2792 1346 2823 et
1381 2789 1677 2836 apprehendam,
1709 2793 1745 2825 et
