1855 3139
306 189 357 221 ΒΕ
394 187 586 220 'riilBUTo
628 187 706 220 Plio
746 186 910 219 nummo
952 187 998 219 ΕΤ
1041 186 1182 220 Philum·
1222 190 1402 231 soht'l'u,
1441 191 1533 223 h'l'c.
1709 196 1746 226 33

111 257 200 294 tiam
222 256 443 293 humilitatis
460 255 694 301 magistram,
711 254 889 292 innocen-

107 304 169 340 tiae
185 305 367 349 regulam.
383 305 461 339 Non
479 304 525 339 ad
543 304 686 339 lubrica
704 303 887 349 infantiae,

107 354 143 388 et
162 352 209 387 ad
231 351 450 397 imperfecta
471 351 579 386 nobis
600 351 808 397 primordia
834 363 889 387 re-

105 398 327 434 vertendum
349 402 419 441 est,
438 398 503 434 sed
528 398 643 442 aliud,
660 398 759 444 quod
775 398 889 434 etiam

105 456 240 492 graves
260 457 381 482 annos
402 446 545 481 deceat.
571 446 662 482 Inde
682 447 889 482 sumendus

107 496 164 529 est
204 493 310 529 velox
349 492 644 529 commotionum
688 493 886 539 transitus,

106 539 203 576 citus
218 541 264 576 ad
277 551 408 586 pacem
423 551 613 585 recursus,
630 541 732 576 nulla
750 552 890 577 memo—

107 587 161 623 ria
183 587 419 632 offensionis,
440 588 542 624 nulla
563 588 747 634 cupiditas
770 588 888 634 digni-

106 634 206 679 tatis,
224 645 331 671 amor
353 635 462 671 sociae
483 635 720 680 delectionis,
737 635 890 682 aequali-

104 685 162 718 tas
180 681 377 718 naturalis.
399 696 416 716 »
440 683 544 718 Unde
559 683 674 719 etiam
690 685 858 719 Hilarius
878 695 886 719 :

108 744 126 762 «
149 729 299 766 Parvuli
318 734 466 776 patrem
484 734 705 776 sequuntur,
729 734 888 767 matrem

106 780 250 822 amant,
273 777 444 823 proximo
464 778 564 814 mala
584 778 680 814 velle
700 778 888 823 nesciunt,

105 835 233 860 curam
263 835 376 871 opum
403 825 613 870 negligunt,
642 836 719 861 non
749 825 888 861 insole-

106 875 230 915 scunt,
253 883 327 907 non
359 871 502 916 odiunt,
530 883 607 908 non
637 874 888 918 mentiuntur,

107 918 290 964 dictisque
306 919 476 964 credunt,
493 922 530 955 et
549 920 647 965 quod
663 919 820 956 audiunt
830 931 891 956 ve-

105 977 190 1002 rum
210 967 365 1005 habent.
386 968 429 1002 Et
450 968 530 1003 haee
551 966 722 1003 omnium
745 968 889 1003 affecti-

105 1024 220 1049 onum
247 1017 441 1060 assumpta
461 1013 570 1050 nobis
600 1018 636 1050 et
657 1015 889 1051 consuetudo

105 1064 143 1096 et
174 1060 362 1105 voluntas,
392 1061 574 1097 coelorum
606 1063 677 1098 iter
704 1063 889 1108 praevium

104 1110 273 1154 praestat.
303 1109 583 1144 Revertenduin
615 1109 729 1155 igitur
757 1113 815 1146 est
841 1110 888 1146 ad

106 1155 385 1201 simplicitatem
415 1155 628 1198 infantium,
657 1156 747 1203 quia
776 1157 813 1192 in
844 1168 889 1193 ea

103 1202 275 1238 collocati
293 1202 456 1250 speciem
477 1203 712 1240 Dominicam
732 1204 889 1240 eircum-

106 1250 271 1286 feremus
292 1262 301 1286 ι
324 1264 342 1284 i)
368 1251 448 1287 haec
476 1252 657 1287 Hilarius.
681 1253 725 1287 Et
750 1256 886 1288 notan-

106 1297 196 1333 dum
214 1298 314 1343 quod
328 1297 490 1344 pueritia
508 1309 626 1344 usque
643 1299 690 1334 ad
709 1302 886 1345 quartum

106 1344 294 1381 decimum
333 1356 472 1381 annum
511 1346 641 1390 durat,
679 1357 747 1392 per
785 1347 886 1392 quod

105 1391 369 1438 intelliguntur
398 1393 683 1439 quatuordecim
712 1395 884 1440 proprie-

104 1442 216 1483 tates,
230 1450 312 1485 quae
328 1440 467 1475 debent
485 1451 565 1476 esse
581 1440 619 1475 in
635 1441 801 1485 homine,
821 1441 884 1487 qui

105 1488 326 1523 statuendus
341 1490 397 1522 est
410 1487 515 1533 juxta
530 1487 722 1523 Christum
740 1499 748 1523 z
761 1488 884 1534 prima

105 1537 174 1578 est,
196 1534 298 1579 quod
318 1544 411 1580 puer
432 1534 558 1580 paucis
585 1537 641 1570 est
671 1539 883 1581 contentus,

106 1584 142 1617 et
155 1581 195 1616 in
212 1582 283 1617 hoc
300 1585 357 1617 est
370 1581 574 1625 sobrietas;
591 1583 769 1627 secunda,
784 1584 884 1629 quod

104 1639 199 1675 puer
232 1629 338 1664 sedet
372 1629 409 1664 in
441 1629 613 1674 pulvere,
646 1633 684 1666 et
717 1631 798 1666 haec
829 1634 885 1667 est

105 1675 319 1720 humilitas;
342 1675 456 1712 tertia
470 1680 539 1721 θεῖ,
558 1677 658 1722 quod
675 1688 751 1713 non
771 1678 886 1714 sentit

105 1726 230 1759 motus
254 1723 391 1768 carnis,
414 1727 451 1759 et
473 1723 511 1759 in
533 1725 604 1760 hoc
633 1727 690 1760 θεῖ
710 1725 881 1770 castitas;

106 1773 241 1816 quarta
261 1773 328 1815 θεῖ,
345 1771 444 1816 quod
459 1770 621 1807 libenter
636 1772 701 1808 dat
722 1774 767 1808 de
788 1783 885 1819 pane

106 1828 188 1863 suo,
209 1820 246 1854 et
271 1817 311 1854 in
332 1819 402 1853 hoc
425 1823 481 1854 est
506 1818 736 1863 liberalitas;
757 1820 887 1865 quinta

107 1867 177 1909 est,
200 1865 299 1911 quod
330 1865 551 1911 parentibus
585 1865 712 1901 statim
745 1867 886 1912 obedit,

109 1915 146 1948 et
162 1913 243 1948 haee
261 1915 318 1948 θεῖ
334 1923 423 1948 vera
437 1912 654 1948 obedientia
670 1924 679 1957 ;
696 1917 800 1950 sexta
816 1918 886 1959 θεῖ,

110 1959 209 2004 quod
230 1960 338 2005 pueri
366 1962 495 1995 mutuo
518 1970 558 1995 se
589 1959 766 2006 diligunt,
787 1965 824 1997 et
851 1962 889 1998 in

109 2007 180 2042 hoc
209 2010 265 2042 θεῖ
289 2010 422 2043 mutua
445 2007 603 2051 caritas3
632 2008 792 2054 septima
818 2012 889 2055 est,

110 2054 209 2099 quod
226 2064 302 2089 non
319 2054 474 2090 confidit
489 2055 526 2090 in
542 2065 595 2099 se,
608 2055 672 2091 sed
692 2055 731 2091 in
752 2067 890 2102 paren-

108 2101 222 2145 tibus,
245 2101 293 2137 ad
324 2112 419 2147 quos
450 2112 582 2137 omnes
612 2102 796 2139 clamores
828 2116 888 2140 re-

109 2151 248 2194 portat,
273 2148 369 2184 etin
402 2150 473 2184 hoe
507 2152 562 2185 est
594 2150 824 2186 confidentia
852 2151 891 2187 in

110 2197 186 2232 Deo
220 2198 258 2231 et
279 2196 514 2240 constantia;
547 2200 679 2233 octava
699 2201 768 2241 est,
791 2199 891 2244 quod

110 2253 188 2279 non
202 2246 257 2278 est
277 2243 457 2279 sollicitus
478 2243 524 2279 de
545 2243 686 2290 aliquo,
705 2248 742 2280 et
762 2245 799 2281 in
820 2246 891 2281 hoe

110 2293 168 2326 est
186 2300 276 2326 vera
297 2301 383 2337 spes
403 2290 442 2326 in
462 2292 559 2336 Deo3
582 2302 682 2328 nona
700 2296 770 2337 est,
789 2293 891 2339 quod

110 2348 223 2373 verax
247 2341 317 2382 est,
340 2341 376 2374 et
401 2337 442 2373 in
462 2339 534 2374 hoc
554 2341 610 2374 est
636 2339 790 2385 veritas,
807 2351 891 2386 quae

111 2395 263 2421 omnem
282 2385 484 2422 salsitatem
509 2388 545 2422 et
565 2386 806 2423 mendacium
827 2398 890 2423 ex-

112 2431 245 2476 cludit;
263 2432 409 2469 decima
426 2435 495 2477 θεῖ,
511 2434 610 2479 quod
629 2433 702 2470 cito
724 2435 892 2479 placatur

113 2481 151 2515 et
166 2489 235 2525 pro
256 2479 427 2525 minimo,
442 2484 479 2516 et
497 2480 535 2516 in
554 2481 626 2516 hoc
646 2485 704 2518 est
721 2481 891 2527 benigni-

113 2528 194 2570 tas;
220 2527 420 2564 undecima
449 2530 518 2571 θεῖ,
541 2529 640 2575 quod
669 2532 892 2575 personatos

114 2572 288 2609 homines
321 2575 551 2620 expavescit,
585 2579 622 2612 et
655 2577 693 2612 in
728 2578 799 2612 hoc
837 2579 893 2612 θεῖ

114 2620 340 2657 verecundia
361 2625 396 2657 et
419 2622 651 2667 reverentia3
671 2623 894 2660 duodecima

115 2670 186 2711 est,
208 2668 307 2712 quod
340 2680 415 2704 non
442 2669 557 2715 pudet
589 2681 746 2716 puerum
780 2670 892 2706 etiam

116 2714 331 2751 mendicare
348 2726 498 2762 panem,
513 2720 549 2753 et
567 2716 605 2752 in
625 2719 696 2754 hoe
717 2722 772 2754 est
792 2729 894 2754 reco-

116 2760 235 2807 gnitio
255 2763 417 2808 propriae
440 2765 674 2809 paupertatis
694 2769 731 2801 et
751 2765 892 2812 fragili-

117 2808 205 2846 tatis
218 2820 228 2854 ;
243 2809 355 2846 tertia
375 2810 519 2847 decima
535 2815 605 2857 est,
621 2813 721 2859 quod
737 2812 893 2860 simplex

201 2872 293 2907 VITA
303 2873 392 2908 Jsssu
404 2874 561 2916 Cnmsu,
575 2877 696 2910 Tosz
711 2877 774 2910 111.

967 259 1037 300 est,
1058 260 1095 292 et
1117 256 1154 291 iu
1179 257 1249 291 hoe
1270 262 1324 293 est
1347 257 1566 304 simplicitas
1587 267 1623 297 et
1644 263 1747 298 inno-

966 303 1110 348 centia;
1134 307 1270 349 quarta
1290 305 1437 341 decima
1456 311 1523 351 est,
1540 310 1639 352 quod
1658 310 1749 346 hila-

964 351 1017 387 ris
1039 354 1157 396 est,et
1175 351 1211 387 in
1235 353 1304 387 hoc
1320 355 1375 388 est
1389 352 1590 390 hilaritatis
1610 357 1746 399 gratia.

965 399 1026 434 Isti
1042 399 1229 445 suntssanni
1246 402 1280 435 et
1294 401 1546 446 proprietates
1561 403 1664 447 pueri
1679 404 1749 450 spi-

964 445 1294 492 ritualis,quosqui
1308 447 1747 492 haberet,Christuseum

964 494 1282 540 apprehenderet,
1306 498 1342 530 et
1358 495 1465 540 juxta
1489 506 1528 531 se
1550 499 1745 534 statueret.

1012 558 1032 588 9
1058 543 1256 577 HmssLlTAs
1282 554 1328 577 An
1360 553 1517 578 GRATIAM
1542 555 1745 581 PRJn’AliA's.

963 609 1009 615 -
1030 588 1171 625 Deinde
1193 589 1387 634 Dominus,
1409 593 1610 636 postquam
1625 592 1747 627 exelu-

963 635 1025 680 εἰῖ,
1055 637 1155 682 quod
1188 648 1265 672 non
1300 636 1452 683 superbi
1488 641 1525 674 et
1561 638 1748 675 bonorum

963 685 1208 729 appetitores,
1228 684 1293 719 sed
1317 684 1423 730 parvi
1448 688 1485 720 et
1503 685 1666 721 humiles
1692 688 1747 721 in-

962 731 1119 767 trabunt
1132 731 1169 766 in
1183 742 1343 777 regnum
1355 732 1549 776 coelorum,
1562 733 1750 769 concludit

962 778 1250 824 responsionem
1268 779 1315 814 ad
1337 779 1574 825 praemissam
1594 781 1750 826 Aposto-

962 825 1086 861 lorum
1109 827 1375 871 quaeonnem,
1397 826 1527 863 dicens
1550 840 1558 865 2
1581 828 1750 870 Quicum-

964 883 1033 918 que
1046 883 1130 917 erqo
1146 875 1399 910 humiliaverit
1412 885 1449 909 se
1462 877 1557 910 sicut
1569 877 1750 921 parvulus

962 922 1045 961 iste,
1057 921 1115 956 hie
1127 921 1248 966 major
1264 924 1329 965 est,
1343 921 1380 957 id
1397 926 1455 958 est
1476 922 1562 966 erit,
1583 924 1622 958 in
1640 934 1750 967 reque

965 969 1146 1005 coelorum.
1167 970 1219 1004 Ac
1237 969 1267 1004 si
1285 968 1387 1005 dicat
1409 981 1416 1004 :
1444 969 1508 1005 Vis
1530 980 1612 1006 esse
1631 971 1753 1017 major

963 1014 1003 1050 in
1032 1026 1152 1061 regno
1185 1016 1385 1061 coelorum,
1406 1016 1457 1052 sis
1483 1017 1544 1052 hic
1571 1017 1753 1054 minimus

962 1073 1031 1108 per
1064 1062 1317 1099 humilitatem
1336 1076 1343 1108 ;
1384 1064 1471 1110 quia
1509 1068 1650 1110 quanto
1690 1066 1752 1102 hie

962 1109 1226 1146 humiliaberis
1256 1114 1293 1147 et
1327 1110 1452 1147 minor
1476 1111 1607 1157 fueris,
1642 1115 1748 1149 tanto

962 1156 1015 1193 ibi
1048 1157 1274 1194 exaltaberis
1296 1161 1332 1194 et
1359 1160 1481 1205 major
1514 1158 1602 1195 eris.
1625 1160 1749 1206 Argu-

963 1215 1070 1240 amus
1090 1215 1180 1250 ergo
1202 1204 1255 1241 sie
1277 1216 1285 1240 :
1303 1205 1333 1241 si
1355 1205 1577 1252 simpliciter
1592 1207 1639 1242 ad
1655 1207 1747 1243 sim-

961 1251 1123 1298 pliciter,
1147 1254 1184 1288 et
1209 1251 1330 1299 magis
1355 1253 1402 1289 ad
1423 1253 1568 1300 magis3
1598 1254 1629 1290 si
1658 1265 1747 1301 ergo

961 1310 1099 1345 parvus
1122 1310 1191 1345 per
1217 1299 1470 1336 humilitatem
1501 1306 1558 1336 est
1588 1312 1748 1347 magnus

960 1346 999 1382 in
1009 1357 1126 1392 regno
1138 1347 1334 1391 coelorum,
1348 1353 1383 1382 et
1393 1349 1571 1393 paiwulus
1584 1348 1657 1384 erit
1671 1359 1747 1385 ma-

956 1395 1018 1440 jor
1034 1405 1042 1437 ;
1056 1393 1171 1439 igitur
1189 1393 1220 1429 si
1242 1395 1301 1429 hic
1316 1394 1441 1430 minor
1462 1406 1501 1431 es
1520 1394 1605 1431 aliis
1625 1395 1664 1431 in
1679 1397 1748 1432 hu-

960 1440 1132 1479 militate.
1153 1440 1227 1476 eris
1238 1440 1277 1476 in
1292 1443 1607 1488 regnogcoelorum
1623 1444 1747 1489 major

960 1489 997 1524 in
1012 1487 1284 1534 dignitategillis
1294 1499 1387 1535 quos
1403 1489 1550 1525 excedis
1567 1489 1607 1526 in
1625 1491 1747 1527 humi-

958 1535 1076 1572 litate.
1101 1535 1169 1578 Qui
1196 1535 1297 1571 enim
1327 1535 1385 1572 hie
1418 1536 1530 1573 fuerit
1550 1538 1744 1583 humilior,

960 1582 1032 1619 erit
1067 1583 1190 1629 major
1208 1594 1276 1629 per
1292 1584 1453 1629 gratiam
1474 1596 1483 1629 ;
1510 1584 1598 1630 quia
1619 1586 1745 1622 humi-

958 1631 1045 1666 litas
1078 1634 1135 1666 est
1166 1634 1270 1667 recta
1295 1630 1492 1678 dispositio
1514 1632 1561 1668 ad
1583 1633 1745 1678 gratiam

960 1677 1241 1724 suscipiendam
1278 1689 1285 1713 :
1316 1681 1410 1714 Deus
1445 1679 1547 1715 enim
1577 1682 1745 1726 superbis

960 1727 1114 1770 resistit,
1129 1726 1330 1761 humilibus
1343 1731 1464 1762 autem
1479 1728 1544 1762 dat
1555 1730 1717 1772 qratiam
1735 1741 1744 1772 3

962 1776 999 1808 et
1018 1772 1105 1808 talis
1131 1772 1203 1808 erit
1224 1773 1346 1819 major
1368 1773 1406 1809 in
1424 1785 1541 1821 regno
1562 1775 1746 1811 coelorum

962 1831 1030 1866 per
1068 1819 1241 1866 gloriam.
1273 1821 1480 1866 Moraliter,
1503 1823 1681 1868 parvulus
1708 1823 1748 1859 in

964 1867 1088 1903 medio
1110 1868 1299 1912 statuitur,
1323 1879 1406 1904 cum
1426 1880 1513 1904 vere
1533 1869 1687 1906 humilis
1707 1870 1748 1906 in

963 1917 1062 1950 statu
1083 1914 1276 1960 dignitatis
1295 1915 1460 1961 ponitur,
1478 1915 1568 1962 quia
1588 1920 1676 1953 tunc
1696 1917 1749 1953 sic

963 1961 1118 1997 lucerna
1144 1972 1259 2008 super
1282 1962 1553 1999 candelabrum
1576 1963 1746 2011 ponitur,

964 2008 1048 2044 aliis
1069 2007 1109 2043 in
1128 2009 1354 2055 exemplum,
1373 2013 1409 2045 et
1426 2011 1605 2056 parvulus
1628 2012 1747 2047 hono-

965 2059 1069 2091 ratus
1103 2056 1188 2100 plus
1221 2060 1370 2101 reputat
1396 2068 1434 2093 se
1467 2057 1679 2103 indignum.
1702 2060 1746 2095 Et

966 2102 1038 2138 nisi
1062 2102 1124 2138 alii
1147 2113 1169 2139 a
1189 2103 1365 2149 superbia
1392 2105 1564 2141 conversi
1591 2106 1744 2151 fuerint,

966 2154 1003 2186 et
1023 2149 1236 2186 efficiantur
1263 2151 1357 2187 sicut
1383 2152 1528 2197 parvuli
1552 2152 1746 2190 imitantes

966 2198 1046 2243 ejus
1067 2197 1332 2244 humilitatem,
1362 2203 1398 2235 et
1430 2210 1507 2235 non
1534 2201 1747 2246 aspirantes

966 2245 1014 2281 ad
1033 2244 1270 2291 dignitatem,
1298 2257 1373 2282 non
1401 2246 1595 2283 intrabunt
1621 2248 1659 2284 in
1685 2259 1746 2284 re-

965 2303 1081 2339 gnum
1123 2293 1318 2329 coelorum.
1357 2295 1450 2330 Nam
1496 2298 1655 2339 αηςμιεῖα
1694 2299 1747 2332 est

961 2343 1095 2386 porta,
1127 2342 1164 2376 et
1193 2339 1279 2377 ideo
1305 2340 1425 2377 invidi
1457 2345 1494 2378 et
1525 2343 1647 2388 grossi
1679 2354 1747 2388 per

967 2386 1196 2433 superbiam,
1217 2388 1379 2424 transire
1400 2400 1475 2424 non
1502 2393 1660 2434 possunt
1680 2401 1748 2436 per

967 2436 1106 2481 ipsam3
1130 2435 1197 2470 sed
1222 2437 1367 2471 tantum
1392 2436 1555 2472 humiles
1574 2439 1611 2472 et
1629 2437 1749 2482 graci-

966 2482 1034 2526 les,
1056 2481 1231 2528 spiritum
1250 2481 1422 2519 inflatum
1445 2494 1521 2519 non
1546 2484 1748 2520 habentes.

1019 2543 1059 2564 ιο
1084 2530 1308 2565 Susemmum
1336 2542 1425 2567 SUNT
1446 2542 1600 2566 mavum
1626 2543 1663 2567 IN
1687 2543 1750 2567 NO-

966 2588 1051 2611 MINE
1078 2577 1236 2613 Caium.
1251 2598 1296 2603 —
1318 2579 1362 2613 Et
1383 2578 1431 2614 ad
1456 2578 1751 2614 refrenationem

968 2623 1035 2659 zeli
1073 2626 1110 2659 et
1145 2623 1332 2670 superbiae
1372 2624 1411 2660 in
1449 2625 1658 2671 Apostolis,
1687 2626 1750 2671 qui

967 2670 1150 2707 honorari
1172 2671 1390 2717 cupiebant,
1412 2672 1557 2708 inducit
1585 2683 1649 2708 eos
1675 2683 1751 2707 non

969 2718 1017 2754 ad
1059 2719 1306 2764 quaerendum
1347 2720 1531 2755 honorem
1546 2747 1556 2765 ,
1596 2719 1662 2755 sed
1702 2719 1749 2755 ad

969 2765 1237 2811 exhibendum,
1257 2777 1333 2802 non
1354 2766 1664 2818 quibuscumque,
1684 2767 1750 2801 sed

968 2812 1135 2860 parvulis
1156 2815 1192 2849 et
1212 2813 1414 2851 humilibus
1435 2817 1471 2850 et
1490 2815 1662 2860 abjectis,
1684 2823 1749 2850 eos

1583 2882 1599 2910 3
