1855 3139
132 186 170 220 32

617 189 826 222 sisebuti]
865 190 1022 223 i’AR'rts
1061 189 1188 223 circi*
1228 187 1248 218 Y

133 254 292 291 invicem
313 256 457 291 honore
478 257 686 302 praevenire
707 261 907 294 certarent.
944 259 948 288 l
984 261 1136 305 parvuli
1155 262 1241 295 sunt
1272 264 1406 295 natura
1433 264 1469 296 et
1498 270 1564 306 per
1596 261 1759 303 aetatem,

133 303 214 338 Non
242 302 377 338 asserit
409 303 550 348 Glossa,
575 305 674 350 quod
702 304 753 341 ita
786 305 910 350 suerit,

133 349 199 385 sed
219 351 317 395 quod
333 350 383 386 ita
398 360 478 386 esse
499 351 663 397 potuerit
695 353 910 389 Secundum

133 407 223 432 vero
240 397 543 442 chrysostomum,
559 399 749 434 contentio
762 399 831 434 ista
844 399 909 435 fuit

134 443 327 488 elationis3
351 444 450 480 unde
468 444 570 489 dicit,
589 446 689 491 quod
707 445 805 492 passi
824 450 910 482 sunt

133 489 274 536 aliquid
290 492 495 527 humanum
512 492 698 538 discipuli,
716 493 759 528 de
775 492 911 539 princi·
941 512 942 515 =

132 540 222 583 patu
237 541 273 574 et
288 538 499 584 majoritate
513 541 792 576 contendentes.
812 541 854 574 Et
868 540 909 575 li-

134 588 192 621 cet
206 585 319 621 fuerit
332 585 404 621 ista
418 586 607 622 contentio
621 587 664 622 de
685 586 907 632 principatu,

130 636 356 668 nontamen
384 632 434 668 ibi
456 633 524 669 fuit
555 637 749 679 peccatum
777 644 908 670 secun-

131 679 220 715 dum
237 681 370 725 ipsum,
385 679 472 725 quia
487 691 563 715 non
575 681 620 716 de
636 680 909 727 principatibus

133 726 296 762 terrenis
308 727 598 771 contendebant,
616 728 680 763 sed
697 728 742 763 de
761 727 910 774 spiritu-

134 772 254 809 alibus
272 773 309 809 in
331 774 436 809 coelo.
456 774 559 810 Unde
578 775 772 810 Matthaeus
791 786 798 810 z
822 776 910 818 Quis

128 824 241 866 putas
269 821 388 864 major
420 824 472 856 est
500 823 538 856 in
575 832 683 865 regno
711 823 909 857 emiormn?

135 868 211 903 Hoc
236 867 467 903 infirmitatis
485 871 578 912 erat,
592 872 633 903 ut
653 868 742 904 dicit
762 870 909 913 Chryso-

132 917 282 959 stomus,
316 925 384 950 nos
418 918 542 950 autem
571 916 617 951 ad
649 915 907 951 infirmitatem

134 972 264 997 eorum
278 962 444 997 nondum
457 962 711 1008 pervenimus,
724 974 797 999 non
809 963 908 998 enim

133 1008 356 1053 quaerimus:
373 1009 460 1052 Quis
475 1009 592 1053 mayor
607 1012 711 1045 estin
723 1021 832 1054 regno
847 1021 909 1045 coe-

134 1056 275 1099 lorum3
304 1055 369 1091 sed
398 1055 480 1100 quis
507 1057 641 1101 major,
670 1057 752 1102 quis
775 1056 909 1102 copio—

136 1101 226 1146 sior,
248 1101 330 1148 quis
356 1102 546 1148 potentior
568 1102 605 1138 in
629 1114 747 1148 regno
773 1105 909 1139 terrae?

180 1164 199 1195 7
225 1150 399 1185 Cumsrus
421 1160 607 1185 PARVULUM
632 1161 813 1186 ADVOCANS
839 1162 909 1187 Emi

134 1208 320 1232 EXEMPLAR
348 1207 542 1232 DisciprLis
575 1208 763 1232 PROPONIT.
792 1218 837 1223 -
866 1199 910 1233 Et

134 1243 235 1289 quia,
269 1243 306 1279 in
350 1243 569 1287 moralibus,
597 1244 716 1291 magis
760 1248 910 1280 movent

133 1291 232 1326 sacta
265 1301 376 1335 quam
411 1291 540 1336 verba,
567 1293 697 1327 volens
728 1291 909 1327 Dominus

134 1337 349 1383 superbiam
379 1348 509 1373 eorum
538 1338 755 1382 retundere,
780 1343 815 1374 et
846 1350 909 1375 eos

136 1385 182 1420 de
210 1384 420 1420 humilitate
453 1385 601 1429 docere,
632 1387 827 1431 proposuit
857 1385 910 1421 eis

135 1430 358 1467 humilitatis
393 1431 601 1477 exemplum
636 1432 810 1468 sensibile
835 1443 842 1467 :
864 1435 911 1468 Et

135 1479 317 1514 advocans
334 1480 544 1524 paruulum,
568 1482 676 1514 aetate
698 1483 733 1515 et
753 1479 908 1521 malitia,

135 1536 246 1571 quem
267 1526 423 1561 tradunt
447 1525 598 1571 quidam
624 1526 736 1561 fuisse
760 1526 910 1562 Martia-

135 1573 224 1615 lem,
244 1575 306 1617 qui
323 1577 454 1618 postea
471 1585 491 1607 a
512 1573 622 1608 beato
642 1574 752 1608 Petro
774 1573 910 1609 missus

134 1619 173 1655 in
186 1620 343 1655 Galliam
356 1618 573 1665 praedicavit
587 1620 911 1656 Lemovicensibus

138 1666 253 1702 fidem
291 1666 533 1710 catholicam,
565 1678 724 1712 quorum
766 1667 910 1713 primus

135 1713 339 1760 Episcopus
372 1717 407 1749 et
432 1715 632 1759 Apostolus
664 1713 745 1758 fuit,
783 1714 844 1760 qui
872 1714 909 1749 in

134 1764 273 1797 vertice
295 1760 515 1796 humilitatis
533 1765 569 1797 et
589 1761 752 1807 puritate
773 1761 911 1807 simpli-

136 1807 258 1844 citatis
275 1818 352 1854 prae
369 1808 542 1844 omnibus
558 1808 738 1844 excellere
757 1808 910 1844 videba-

137 1858 219 1898 tur;
247 1857 380 1890 statuit
398 1866 476 1890 eum
494 1866 561 1901 pro
582 1855 765 1901 exemplo,
782 1858 820 1890 in
838 1866 909 1890 mc-

136 1903 196 1937 dio
215 1912 347 1943 eorum,
362 1905 401 1937 ut
419 1902 464 1938 ab
481 1902 653 1938 omnibus
673 1903 861 1938 videretur
875 1905 911 1938 et

134 1952 277 1985 attente
293 1949 609 1993 consideraretur,
624 1949 680 1985 cui
697 1949 854 1995 quilibet
872 1960 911 1985 sc

137 2000 455 2032 commensuraret
484 2000 521 2032 et
549 1996 730 2031 imitando
762 1997 910 2032 consor-

138 2046 271 2079 maret.
295 2045 337 2079 Et
361 2043 494 2079 merito
520 2043 715 2089 parvulum
739 2043 909 2087 advocat,

136 2092 190 2134 ut,
218 2089 279 2135 qui
311 2091 473 2136 maJores
510 2090 627 2125 videri
662 2090 805 2132 volunt,
831 2091 911 2136 eJ'us

135 2137 303 2183 exemplo
319 2136 568 2181 instruantur,
585 2143 620 2172 et
640 2148 723 2173 eum
738 2136 775 2172 in
793 2137 912 2173 humi-

136 2183 240 2220 litate
265 2187 301 2220 et
326 2183 542 2220 innocentIa
568 2183 773 2219 imitentur.
802 2186 910 2227 Quem

137 2242 218 2266 cum
243 2232 450 2276 complemus
473 2234 574 2271 esset,
596 2231 695 2276 quod
717 2231 837 2276 signat
859 2243 912 2268 so·

136 2277 194 2314 los
217 2278 376 2313 humiles
397 2277 529 2324 dignos
550 2288 632 2314 esse
653 2289 718 2314 suo
739 2279 909 2324 amplexu

137 2328 173 2361 et
186 2324 398 2368 dilectione,
410 2325 572 2370 quivere
586 2329 741 2371 possunt
757 2325 909 2371 gloriari

137 2377 173 2409 et
202 2373 352 2409 dicere:
375 2374 480 2407 Laeoa
503 2374 580 2417 eJ'us
604 2373 669 2407 sub
694 2375 811 2418 capite
835 2384 909 2409 meo

136 2424 169 2456 et
189 2421 338 2456 deaetera
364 2420 466 2454 illius
491 2420 764 2465 ampleoeabitur
784 2431 851 2463 me,
870 2423 910 2456 ut

134 2467 254 2513 magis
274 2465 476 2512 discipulos
493 2477 515 2502 a
532 2466 706 2512 superbia
725 2466 772 2502 ad
791 2467 910 2502 humi-

134 2514 278 2550 litatem
304 2516 466 2557 revocet,
490 2514 556 2549 sub
583 2513 789 2549 assertione
820 2524 906 2549 con-

133 2564 292 2597 testatur
314 2559 368 2596 eis
388 2570 552 2606 poenam,
580 2560 650 2596 nisi
678 2561 724 2596 ab
746 2560 907 2597 elatione

133 2612 170 2644 et
189 2607 404 2644 inordinato
423 2607 589 2653 appetitu
610 2607 764 2643 honoris
785 2612 905 2644 retro-

133 2655 289 2699 cedant,
315 2657 368 2689 ait
394 2655 472 2689 illis
495 2666 503 2690 :
528 2655 641 2689 Amen
666 2655 745 2690 dico
771 2656 872 2690 vobis
896 2667 903 2691 :

131 2705 216 2741 Nisi
225 2703 385 2738 conversi
398 2702 560 2745 fueritis,
571 2711 593 2737 a
607 2706 731 2737 vestra
744 2701 905 2738 elatione

131 2755 168 2786 et
191 2747 415 2796 majoritatis
442 2748 646 2784 ambitione
663 2776 672 2793 ,
699 2752 732 2783 et
757 2750 904 2793 efficia-

129 2799 236 2844 mini,
267 2795 389 2844 gratia
418 2799 459 2832 'et
490 2805 558 2842 per
589 2796 778 2841 virtutem,
810 2797 904 2832 sicut

986 306 1126 342 scilicet
1148 318 1155 342 :
1177 306 1286 342 mites
1303 309 1339 342 et
1363 307 1593 350 innocentes,
1613 305 1758 352 simpli-

985 364 1046 389 ces
1066 357 1102 389 et
1123 353 1298 396 humiles,
1319 364 1361 389 ac
1380 353 1484 399 parvi
1507 357 1631 389 vestra
1650 363 1759 399 repu-

984 400 1147 444 tatione;
1169 412 1244 437 non
1264 400 1383 436 solum
1403 401 1564 447 majores
1584 400 1623 436 in
1640 410 1756 446 regno

983 448 1164 483 coelorum
1183 459 1259 483 non
1280 447 1397 491 eritis,
1417 447 1661 484 verumetiam
1687 457 1758 482 non

983 496 1171 530 intrabitis
1188 497 1226 530 in
1245 506 1352 538 reyno
1374 496 1538 530 coelorum
1559 510 1566 531 ε
1588 496 1675 540 quia
1690 504 1758 529 nec

982 540 1021 576 in
1037 541 1237 577 Ecclesiam
1251 552 1317 587 per
1334 542 1522 585 meritum,
1539 552 1608 578 nec
1626 540 1665 577 in
1682 541 1759 586 glo·

982 587 1077 623 riam
1099 599 1165 634 per
1185 588 1405 634 prscmium3
1432 588 1631 634 utrobique
1659 587 1758 623 enim

984 635 1152 671 Christus
1178 639 1233 671 est
1260 636 1412 679 ostium,
1435 638 1472 671 et
1503 635 1590 681 quia
1621 634 1759 671 ostium

982 682 1124 717 humile
1146 685 1182 717 et
1203 685 1440 718 mansuetum
1461 685 1689 728 est,oportet
1704 681 1760 717 in-

983 732 1145 765 trantem
1157 728 1336 765 humilem
1358 732 1395 765 et
1411 733 1646 765 mansuetum
1661 739 1757 765 esse.

984 776 1011 811 O
1033 787 1144 822 quam
1170 775 1339 812 terribile
1367 780 1423 812 est
1449 777 1604 812 verbum
1630 774 1758 812 istud!

983 824 1027 858 Et
1062 823 1146 868 quis
1182 827 1237 859 est
1273 822 1384 859 hodie
1424 822 1519 859 sicut
1556 821 1763 869 parvulus?

983 870 1089 906 Certe
1126 881 1210 906 rara
1248 869 1327 905 avis
1354 873 1409 906 est
1447 869 1485 905 in
1513 869 1639 906 terris.
1671 868 1759 905 Rari

983 919 1067 952 sunt
1091 916 1144 952 illi
1167 917 1302 960 liodie3
1326 920 1362 953 et
1388 917 1471 952 ideo
1494 917 1651 953 multum
1674 927 1759 962 pos-

984 974 1113 999 sumus
1142 964 1358 1000 formidare.
1386 964 1421 1000 Si
1452 963 1552 999 enim
1585 963 1760 1000 diabolus

984 1016 1135 1057 propter
1168 1011 1382 1057 superbiam
1409 1011 1453 1047 de
1492 1011 1584 1046 coelo
1616 1012 1759 1056 ejectus

983 1061 1053 1101 est,
1077 1058 1194 1094 multo
1216 1057 1334 1103 magis
1363 1058 1546 1103 superbus
1568 1057 1656 1094 illuc
1681 1068 1758 1093 non

982 1104 1150 1150 intrabit,
1169 1105 1270 1152 quia,
1286 1109 1326 1141 ut
1345 1105 1435 1141 dixit
1453 1104 1587 1151 aliquis
1606 1116 1614 1140 ε

1033 1177 1189 1221 Turpius
1211 1176 1370 1221 ejicitur,
1393 1187 1501 1221 quam
1522 1187 1592 1212 non
1613 1176 1758 1212 admit-

1491 1224 1597 1269 [titur
1615 1225 1755 1270 hospes.

986 1295 1029 1329 Et
1047 1294 1133 1340 quia
1155 1294 1347 1330 daemones
1362 1293 1449 1329 inde
1471 1293 1578 1339 ejecti
1594 1296 1679 1329 sunt
1694 1304 1760 1339 per

985 1341 1197 1386 superbiam
1214 1369 1222 1385 ,
1263 1340 1347 1377 ideo
1394 1344 1541 1386 oportet
1585 1340 1758 1376 homines

986 1388 1072 1423 illuc
1093 1388 1221 1424 venire
1248 1398 1314 1433 per
1342 1387 1454 1423 aliam
1486 1387 1582 1423 viam
1605 1391 1757 1423 contra-

985 1437 1104 1479 riam,
1136 1435 1275 1470 scilicet
1304 1445 1371 1480 per
1404 1434 1667 1470 humilitatem.
1687 1435 1758 1470 Per

985 1482 1181 1528 parvulum
1194 1492 1281 1527 ergo
1298 1482 1373 1517 vult
1388 1481 1546 1526 intelligi
1563 1480 1755 1526 humilem,

985 1540 1029 1564 eo
1045 1530 1155 1564 niodo
1171 1528 1345 1574 loquendi
1363 1539 1435 1573 quo
1455 1527 1589 1563 dicitur
1606 1528 1651 1563 de
1670 1529 1756 1564 Sau-

985 1576 1021 1611 lo
1046 1587 1053 1610 :
1079 1577 1163 1612 Cum
1186 1586 1276 1610 esses
1286 1576 1465 1620 parvulus
1483 1577 1519 1610 ἰη
1537 1576 1650 1610 oculis
1667 1577 1755 1611 tuis.

1035 1626 1054 1658 S
1071 1624 1248 1658 PL'ERITIAE
1265 1634 1495 1657 CONDiTIONEs
1514 1633 1658 1657 HOMINIS
1672 1633 1756 1658 PER-

986 1681 1083 1705 FECTI
1111 1681 1371 1705 PROPRIETATES
1396 1680 1558 1705 SIGNANT.
1583 1688 1625 1694 -
1652 1669 1757 1705 Unde

986 1716 1113 1752 dicens
1129 1715 1412 1752 Doiiiinu52Nisi
1433 1727 1522 1761 ergo
1542 1714 1757 1751 efficiamini

986 1763 1080 1799 sicut
1094 1763 1252 1809 parvuli,
1263 1774 1335 1798 non
1347 1763 1424 1798 vult
1438 1763 1536 1808 quod
1548 1762 1759 1798 efficiamur

984 1810 1129 1857 parvuli
1168 1809 1360 1851 sensibus,
1396 1810 1461 1845 sed
1494 1809 1654 1853 malitia;
1683 1820 1758 1845 non

986 1861 1108 1900 aetate,
1138 1857 1203 1892 sed
1238 1855 1465 1900 conditione,
1500 1860 1540 1892 ut
1571 1856 1757 1900 videlicet,

986 1905 1145 1940 sormam
1173 1903 1321 1940 virtutis
1341 1914 1467 1949 quarn,
1488 1906 1624 1939 natura
1650 1903 1758 1947 duce,

985 1962 1078 1997 puer
1095 1952 1281 1994 observat,
1305 1962 1372 1986 nos
1391 1961 1459 1996 pro
1479 1950 1631 1986 nomine
1654 1949 1758 1987 Chri-

985 2000 1044 2041 sti,
1058 1999 1213 2044 J'uvante
1232 1997 1388 2033 rationis
1411 1997 1611 2041 industria,
1627 2007 1759 2042 sequa-

988 2056 1089 2089 mur;
1114 2044 1213 2090 quia,
1230 2048 1269 2080 ut
1287 2044 1339 2079 ait
1356 2044 1582 2088 Ambrosius,
1600 2054 1674 2079 non
1689 2043 1761 2079 vir·

986 2096 1045 2128 tus
1065 2095 1133 2135 est,
1149 2102 1223 2127 non
1243 2101 1352 2137 posse
1369 2101 1540 2136 peccare;
1561 2090 1627 2127 sed
1644 2090 1757 2126 nolle.

986 2139 1090 2175 Unde
1117 2138 1228 2174 etiam
1256 2137 1308 2173 ait
1331 2139 1569 2182 Hieronymus
1597 2150 1607 2172 :
1637 2151 1654 2171 «
1679 2139 1759 2173 Non

984 2185 1199 2232 praecipitur
1218 2184 1419 2230 Apostolis,
1444 2187 1483 2220 ut
1510 2188 1658 2220 aetatem
1688 2184 1757 2220 ha-

984 2234 1096 2269 beant
1119 2232 1371 2278 parvulorum,
1392 2231 1457 2267 sed
1476 2230 1752 2274 innocentiam;

984 2285 1021 2316 et
1047 2279 1145 2325 quod
1172 2278 1223 2314 illi
1250 2289 1317 2324 per
1343 2289 1462 2314 annos
1489 2278 1694 2324 possident,
1715 2277 1755 2313 hi

983 2327 1199 2374 possideant
1214 2336 1280 2371 per
1292 2324 1528 2368 industriam,
1541 2328 1582 2361 ut
1597 2323 1753 2368 malitia,

983 2385 1057 2410 non
1091 2373 1294 2419 sapientia,
1329 2372 1471 2418 parvuli
1511 2371 1598 2407 sint.
1638 2374 1689 2407 Ac
1721 2371 1752 2407 si

982 2421 1080 2458 dicat
1098 2436 1105 2456 z
1127 2419 1227 2456 Sicut
1244 2419 1313 2455 iste
1332 2419 1507 2465 parvulus
1526 2419 1629 2464 cnjus
1648 2419 1754 2454 vobis

981 2467 1190 2514 exemplum
1215 2466 1354 2510 tribuo,
1378 2476 1452 2501 non
1474 2468 1688 2511 perseverat
1713 2464 1752 2500 in

981 2513 1188 2557 iracundia,
1213 2524 1287 2549 non
1324 2513 1434 2548 laesus
1465 2511 1650 2556 meminit,
1677 2522 1753 2547 non

979 2562 1111 2598 videns
1120 2561 1311 2607 pulchram
1322 2558 1517 2595 mulierem
1529 2559 1750 2603 delectatur,

980 2620 1055 2645 non
1086 2607 1186 2644 aliud
1216 2606 1353 2652 cogitat
1382 2609 1419 2642 et
1441 2605 1543 2641 aliud
1567 2604 1749 2651 loquitur3

940 2651 943 2692 i
979 2656 1030 2691 sic
1052 2658 1088 2691 et
1109 2665 1174 2690 vos
1194 2652 1266 2689 nisi
1287 2653 1399 2688 talem
1420 2651 1627 2688 habueritis
1647 2651 1752 2687 inno·

979 2702 1137 2739 centiam
1161 2704 1198 2736 et
1218 2699 1331 2736 animi
1352 2699 1566 2745 puritatem,
1591 2708 1749 2744 regnum

937 2765 941 2822 Ι
977 2750 1157 2786 coelorum
1169 2758 1243 2783 non
1254 2746 1422 2793 poteritis
1435 2747 1589 2782 intrare.
1607 2758 1625 2778 ³>
1642 2744 1747 2780 Unde

935 2826 940 2846 t

975 2800 1012 2834 et
1032 2798 1098 2833 Leo
1117 2797 1218 2842 Papa
1235 2806 1244 2830 ε
1271 2808 1284 2827 α
1307 2795 1415 2831 Amat
1435 2794 1603 2830 Christus
1621 2791 1745 2828 insan-
