1907 3139
133 206 194 241 224
558 205 767 241 SECUNDAE
804 204 960 240 PARTIS
996 204 1131 239 CAPUT
1169 205 1320 238 XXXIV

136 277 258 313 forma
288 275 494 323 discipulis,
520 278 557 312 et
582 275 687 311 illam
717 274 910 311 humilita-

134 327 211 360 tem
227 323 385 370 eligeret
401 334 546 368 servus,
558 333 671 369 quam
688 324 911 358 sectatusest

140 371 336 407 Dominus.
362 384 380 405 »
412 371 516 407 Unde
537 370 650 407 etlim
679 371 908 415 Cyprianus:

139 418 412 455 «Christianus
434 429 544 454 nemo
560 420 664 453 recte
686 414 911 458 <licitur,nisi

136 465 199 511 qui
219 467 366 502 Christo
380 466 548 501 moribus
564 467 822 509 coaequatur.»
837 464 911 498 Un-

139 514 184 549 de
209 512 322 549 etiam
353 514 570 548 Anselmzcs:
591 526 606 544 (t
623 514 721 546 Inter
740 510 912 545 infideles

138 563 415 606 computantur,
437 560 499 605 qui
516 559 616 604 quod
634 560 817 593 voverunt
839 567 913 592 non

137 607 433 653 impleverunt.»
457 606 686 651 Quicumque
707 604 817 639 etiam
839 614 912 639 non

141 654 327 690 Chri-tum
348 653 529 700 sequitur,
559 664 633 688 non
662 651 781 687 solum
805 651 911 687 Chri-

139 701 251 737 stiani
281 712 418 737 nemen
449 701 635 742 amittere,
663 699 728 734 sed
750 701 785 733 ct
811 697 913 733 Anti-

139 749 302 784 christus
324 748 395 784 dici
417 747 705 784 meretur.Unde
722 747 773 781 ait
790 746 914 789 Augu-

139 798 257 831 stinus
276 809 286 831 .·
312 813 326 826 «
348 794 522 841 Quisquis
544 796 651 830 tactis
672 796 784 838 negat
805 792 911 828 Chri-

140 845 252 887 stum,
271 843 520 879 Antichristus
535 845 589 877 est
601 853 609 884 ;
623 844 660 877 et
678 840 797 886 magis
811 850 912 876 men-

141 891 213 926 dax
231 894 287 926 est
304 889 616 934 Antichriaetofiui
638 899 701 924 ore
718 888 916 933 profitetur

140 936 341 980 Christum,
365 941 401 971 ct
422 936 528 972 sactis
548 942 672 981 negat.
702 935 786 970 Ideo
808 945 912 970 men-

138 984 221 1027 dax,
240 984 328 1029 quia
347 982 624 1028 aliudloquitur
646 985 683 1017 et
703 982 803 1017 aliud
821 984 910 1026 agit.

140 1031 228 1073 Quis
249 1035 305 1066 est
338 1030 400 1075 qui
428 1041 502 1065 non
535 1029 653 1065 credit
681 1029 779 1074 qued
804 1030 913 1064 Jesus

139 1079 185 1112 sit
205 1077 404 1114 Christus?
425 1076 494 1119 Qui
517 1087 591 1112 non
614 1076 702 1111 vivit
724 1076 911 1121 quomodo

143 1123 312 1170 praecipit
326 1123 507 1160 Christus.
521 1124 622 1159 Multi
640 1122 739 1158 enim
759 1122 909 1158 dicunt:

139 1172 271 1212 Credo,
294 1172 359 1207 sed
398 1171 490 1206 tides
520 1170 601 1206 sine
635 1170 811 1215 operibus
839 1180 913 1204 000

142 1219 272 1255 salvat.
296 1232 314 1250 »
336 1220 377 1253 Et
395 1218 556 1254 iterum:
584 1218 753 1254 «Omnes
776 1219 914 1263 negant

140 1265 327 1302 Christum
350 1265 387 1300 in
409 1276 521 1301 carne
548 1265 710 1308 venisse,
733 1266 820 1309 quia
836 1264 912 1299 vio-

142 1314 220 1349 lant
247 1314 442 1349 caritatem
468 1314 579 1355 Jesu;
601 1323 676 1348 non
698 1312 797 1347 enim
821 1321 913 1357 opus

142 1364 221 1396 erat
254 1364 293 1396 ut
318 1360 477 1403 veniret,
505 1359 576 1394 nisi
604 1370 670 1405 per
703 1358 911 1394 caritatem.

144 1408 321 1453 Majorem
343 1409 409 1442 hae
429 1408 655 1442 dilectionem
672 1417 772 1441 nemo
794 1406 912 1449 habet,

142 1465 267 1500 quam,
300 1459 339 1490 ut
354 1457 514 1489 (mimam
548 1464 650 1488 suam
694 1457 807 1499 ponat
849 1463 914 1498 pro

142 1504 270 1538 amicis
286 1505 374 1537 δαίς.
390 1501 562 1545 Quisquis
577 1501 690 1536 violat
707 1500 915 1542 caritatem,

145 1549 339 1595 quodlibet
353 1549 454 1584 dit-at
473 1547 702 1593 lingua,vita
719 1547 836 1591 ipsius
856 1557 917 1581 ne-

144 1599 207 1641 gat
221 1596 408 1632 Christum
426 1595 463 1630 in
485 1606 597 1631 carne
619 1594 833 1637 venisse3et
848 1595 917 1628 iste

144 1646 200 1679 cst
236 1644 493 1679 Antichristus
532 1642 758 1686 ubicumque
791 1642 916 1683 suerit,

144 1701 381 1736 quocumque
400 1689 620 1725 intraverit:
640 1702 657 1721 »
674 1690 754 1724 haec
775 1689 919 1731 Augus-

147 1740 258 1773 tinus.
283 1739 323 1772 ln
340 1738 410 1772 hoc
426 1747 514 1783 ergo
538 1736 698 1771 maxime
726 1746 791 1770 005
807 1734 917 1770 Chri-

149 1784 261 1820 stiani
298 1784 464 1820 Gentiles
491 1782 800 1826 scandalizamus,
830 1781 920 1826 quia

145 1831 340 1867 caritatem
355 1835 388 1867 et
402 1831 515 1866 vitam
532 1830 737 1866 virtuosam
761 1840 835 1864 000
852 1830 917 1864 ha-

146 1879 291 1915 bemus.
318 1879 422 1915 Unde
452 1880 724 1922 Chrysoscomus
750 1889 759 1911 :
784 1892 796 1907 «
821 1875 919 1911 Nihil

145 1926 247 1962 aliud
274 1931 329 1962 est
357 1926 456 1971 quod
484 1925 710 1961 scandalizat
737 1922 917 1966 Gentiles,

145 1984 255 2019 quam
279 1975 379 2019 quod
400 1983 474 2009 non
492 1983 598 2008 amor
619 1975 686 2007 est.
708 1972 798 2007 Cum
819 1969 919 2006 enim

145 2021 392 2067 multiplicata
413 2019 522 2056 fuerit
556 2019 747 2065 iniquitas,
770 2017 921 2063 frigebit

148 2076 281 2113 amor,
311 2068 426 2103 vitam
461 2070 586 2103 autem
623 2065 715 2101 nihil
752 2065 804 2101 ita
834 2064 921 2100 tacit

148 2115 302 2159 claram,
321 2118 362 2150 ut
379 2125 497 2151 amor.
521 2127 538 2146 »
562 2113 756 2150 Etiterum
781 2124 788 2147 ε
814 2127 833 2144 ⁴<
856 2111 917 2147 Ni-

982 273 1035 309 hil
1061 272 1163 309 enim
1185 273 1351 310 Gentiles
1385 272 1439 309 ita
1461 271 1580 309 afficit
1611 275 1652 309 ut
1673 272 1760 309 vir-

983 324 1061 365 tus;
1083 321 1177 356 nihil
1200 321 1253 357 ita
1274 321 1346 356 illis
1366 320 1596 357 offendiculo
1627 322 1697 364 est,
1720 321 1763 356 ut

984 368 1204 413 improbitas
1227 379 1234 404 :
1255 372 1291 404 et
1313 369 1398 414 Jure
1414 368 1580 413 quidem.
1604 368 1696 403 Cum
1712 370 1764 403 et-

985 415 1085 451 enim
1099 415 1397 451 videritavarum
1406 419 1442 450 et
1453 415 1661 461 rapientem
1672 425 1761 450 con-

984 462 1101 498 traria
1124 462 1413 508 praecipientem,
1434 473 1596 508 eumque
1615 461 1762 508 (1111101-

985 510 1100 545 micos
1123 509 1278 555 diligere
1292 510 1447 554 jubetur
1474 509 1511 544 in
1532 509 1762 545 contribules

985 561 1281 602 suos,tamqnam
1296 556 1334 591 in
1346 556 1444 592 feras
1455 556 1683 599 saevientem,
1700 566 1766 591 nu-

985 614 1051 649 gas
1065 603 1326 650 praeceptailla
1338 603 1497 639 vocabit.
1516 604 1608 639 Cum
1627 602 1765 638 viderit

986 651 1199 696 quempiam
1218 651 1348 686 mortis
1369 649 1573 686 formidine
1597 656 1764 696 captum,

986 709 1058 744 quo
1080 701 1187 744 pacto
1221 697 1515 733 immortalitatis
1549 697 1764 733 doctrinam

985 744 1169 791 accipiet?
1210 746 1301 781 Cum
1337 745 1558 780 ambitiosos
1597 743 1734 779 viderit
1753 770 1763 787 ,

986 792 1142 838 aliisque
1163 791 1279 828 animi
1306 791 1446 827 morbis
1467 795 1612 837 captos,
1637 790 1765 837 potius

988 842 1024 875 in
1045 850 1114 875 sua
1128 839 1298 875 manebit
1315 837 1517 880 sententia,
1530 838 1703 884 nihilque
1718 838 1765 873 de

986 887 1095 923 nobis
1116 897 1295 932 magnum
1318 885 1472 931 putabit.
1493 887 1567 921 Nos
1580 895 1766 931 erg0‚n0s

985 934 1114 979 utique
1134 934 1173 969 in
1195 945 1307 970 causa
1328 944 1468 976 sumus,
1482 944 1548 968 cur
1568 932 1620 968 1111
1640 932 1679 967 in
1697 941 1764 967 suo

985 992 1113 1016 errore
1156 981 1372 1027 persistant.
1416 982 1509 1016 Nam
1549 979 1763 1015 doctrinam

986 1027 1087 1064 illam
1106 1028 1195 1063 olim
1210 1039 1317 1064 sti-tm
1337 1027 1631 1074 repudiaverunt
1645 1028 1683 1062 et
1700 1037 1765 1061 no-

986 1079 1062 1111 stra
1081 1075 1339 1119 admirantum
1370 1075 1435 1110 sed
1462 1085 1504 1110 ex
1536 1075 1612 1110 vita
1635 1076 1764 1109 nostra

986 1126 1173 1158 art-entur.
1206 1124 1336 1158 Verbis
1369 1121 1468 1157 enim
1499 1120 1760 1168 philosophari

985 1169 1092 1204 facile
1114 1173 1230 1213 est,et
1255 1169 1358 1205 multi
1375 1168 1487 1204 etiam
1505 1168 1603 1214 apud
1618 1168 1702 1203 illos
1725 1167 1764 1202 id

995 1216 1145 1262 quidem
1180 1218 1365 1260 t'eccrunt3
1388 1216 1512 1251 adhuc
1536 1226 1623 1251 vcro
1643 1225 1766 1260 requi-

987 1267 1073 1299 runt
1111 1274 1226 1309 opera
1259 1265 1368 1299 bona.
1393 1264 1546 1298 Veteres
1574 1262 1674 1306 11105,
1703 1261 1766 1307 qui

987 1310 1087 1355 apud
1098 1321 1164 1346 nos
1186 1311 1333 1346 suerunt
1353 1309 1573 1355 recogitent,
1587 1308 1685 1345 dicet
1702 1308 1766 1344 ali-

987 1360 1082 1403 quis.
1110 1359 1156 1393 At
1190 1357 1262 1393 11115
1293 1368 1369 1393 000
1404 1357 1575 1399 credunt,
1605 1356 1670 1392 sed
1698 1365 1767 1391 nos

987 1410 1192 1450 praescntes
1206 1406 1407 1441 observant
1424 1404 1623 1448 ;ostendite
1643 1402 1762 1446 nobis,

989 1452 1174 1497 inquiunt,
1189 1452 1301 1487 tidem
1324 1463 1388 1497 per
1405 1452 1623 1497 opera.Haec
1639 1453 1764 1486 autem

988 1510 1171 1544 nusquam
1200 1505 1283 1534 sunt
1302 1510 1309 1541 ;
1329 1499 1407 1542 sed,
1436 1509 1519 1534 cum
1545 1509 1613 1533 nos
1636 1497 1763 1532 vident

987 1546 1069 1592 plus
1101 1557 1213 1591 quam
1253 1547 1351 1581 seras
1391 1545 1581 1591 proximos
1612 1548 1765 1579 nostros

989 1597 1212 1639 discerpere,
1248 1604 1316 1628 005
1338 1592 1440 1628 orbis
1467 1592 1674 1638 perniciem
1697 1601 1765 1626 vo-

989 1644 1087 1676 rant.
1126 1642 1210 1675 Haec
1246 1640 1410 1675 Gentiles
1447 1639 1622 1681 retinent,
1647 1649 1692 1674 nc
1718 1638 1765 1674 ad

992 1698 1057 1722 1105
1074 1691 1281 1722 transeant.
1307 1689 1435 1732 Itaque
1455 1697 1521 1721 005
1536 1687 1670 1721 horum
1688 1695 1766 1731 poe-

992 1745 1058 1769 nas
1079 1734 1268 1778 dabimus,
1291 1745 1365 1769 non
1393 1733 1515 1768 selum
1541 1733 1640 1778 quod
1668 1732 1767 1768 mala

991 1785 1263 1827 perpetremus,
1282 1781 1346 1816 sed
1361 1780 1473 1815 etiam
1494 1780 1593 1825 quod
1614 1784 1768 1825 propter

993 1839 1060 1863 nos
1077 1839 1212 1864 0011100
1228 1827 1291 1863 Dei
1313 1829 1592 1872 blasphemetur
1613 1830 1649 1863 et
1666 1825 1766 1872 quod

992 1875 1097 1910 multi
1119 1877 1165 1911 ab
1183 1877 1350 1921 ingressu
1370 1874 1544 1911 Ecclesiae
1555 1877 1766 1909 arceantur.

992 1924 1190 1968 Quousque
1212 1933 1301 1967 ergo
1319 1920 1771 1967 pecuniis,‹teliciis,alte-

992 1970 1119 2015 risque
1148 1968 1245 2004 vitiis
1270 1969 1385 2004 dediti
1406 1968 1574 2005 erimus?
1592 1967 1768 2004 Abstine-

993 2027 1099 2051 amus
1129 2015 1302 2061 denique,
1341 2021 1377 2051 et
1403 2016 1582 2051 virtutem
1618 2024 1770 2051 omnem

994 2073 1246 2107 exerceamus,
1277 2065 1318 2098 ut
1344 2063 1469 2098 sutura
1494 2071 1771 2107 consequamur

992 2111 1092 2147 bona
1111 2125 1118 2146 :
1144 2123 1160 2143 u
1185 2111 1264 2145 haee
1287 2111 1576 2154 Chrysostomch.

874 2229 1042 2266 ORATIO

194 2350 349 2387 Domine
369 2351 455 2386 Jesu
484 2350 642 2394 Christe,
658 2351 735 2385 Rex
751 2349 912 2386 coelestis
931 2347 1149 2395 z‹2·1012ia<2,qui
1169 2357 1233 2383 005
1252 2356 1319 2393 per
1339 2346 1491 2382 nuntios
1507 2350 1604 2390 tuos,
1627 2345 1767 2382 scilicet

147 2409 216 2445 per
233 2408 377 2434 sacram
393 2397 636 2443 scripturam,
655 2397 907 2440 infirmitates,
931 2396 1135 2442 periculum
1150 2393 1311 2437 vivendi,
1329 2393 1573 2429 mutationem
1588 2394 1765 2438 sortunae,

149 2449 185 2481 et
206 2445 409 2490 gratuitam
435 2445 680 2486 voluntatem,
707 2444 753 2479 ad
786 2446 935 2490 nuptias
957 2449 1037 2479 tuas
1055 2441 1208 2484 vocasti,
1230 2441 1278 2476 da
1304 2441 1411 2476 nobis
1432 2440 1597 2477 caritatis
1624 2443 1765 2476 vestem

147 2492 366 2538 nuptialem,
390 2502 437 2526 ne
458 2502 480 2526 a
501 2491 734 2526 consessione
758 2491 912 2535 pert-ati,
933 2496 969 2526 et
995 2501 1016 2526 a
1042 2490 1151 2526 laude
1171 2489 1236 2524 Dei
1256 2498 1433 2533 umquam
1449 2489 1764 2532 obmutescamus,

143 2551 190 2575 ne
211 2550 233 2575 a
250 2538 526 2574 resurrectione
554 2537 760 2581 spiritualis
781 2539 922 2584 gaudii,
945 2537 1086 2573 scilicet
1108 2547 1212 2581 pace,
1230 2540 1265 2571 et
1286 2535 1500 2579 securitate,
1520 2544 1757 2580 separemur;

144 2590 180 2622 et
195 2588 241 2622 (la
262 2585 369 2621 nobis
391 2588 532 2620 vestem
552 2585 712 2630 pietatis,
735 2591 772 2620 et
794 2587 902 2620 benae
923 2583 1166 2630 operationis,
1184 2593 1244 2627 ne,
1267 2581 1392 2626 ligatis
1413 2582 1585 2618 manibus
1606 2586 1644 2618 et
1662 2580 1765 2628 pedi-

145 2634 230 2678 bus,
252 2632 290 2668 in
310 2633 486 2668 tenebras
510 2631 710 2667 exteriores
731 2631 936 2667 mittamur.
958 2633 1088 2667 Amen.
