1907 3139
574 166 626 199 DE
664 164 825 199 TRIBUS
867 164 1126 201 PARABMAs,

1169 164 1257 197 ETC.
1706 168 1744 201 43

114 237 264 275 scindat
283 236 435 284 penitus
453 237 488 271 ct
505 234 691 271 excludat.
716 235 771 270 Da
793 233 907 270 ctiam
925 232 1033 279 mihi,
1051 236 1092 270 ut
1111 232 1255 269 nullum
1275 232 1321 269 de
1343 233 1485 279 pusillis
1499 245 1562 270 scu
1584 234 1746 281 parvulis

114 295 340 333 praesumam
360 286 605 320 contemnere
623 294 632 327 ;
654 282 718 318 sed
739 283 862 328 potius
885 292 1016 318 omncs
1037 282 1206 317 studeam
1226 282 1428 325 honorare,
1447 292 1539 327 quos
1554 286 1592 318 tu
1613 284 1664 318 sic
1685 284 1747 318 110-

112 345 265 376 norare,
291 332 467 379 dignatus
490 342 540 375 es,
567 331 668 377 quod
689 330 735 366 ad
758 340 891 366 eorum
920 329 1171 366 ministerium
1196 334 1233 364 et
1253 328 1459 365 custodiam
1482 330 1746 374 1111301051)οα-

109 384 169 417 tos
183 381 384 427 deputasti,
402 383 438 415 et
451 384 489 415 tu
508 380 601 426 ipse,
617 389 684 425 pro
707 379 760 415 cis
780 378 989 424 salvandis,
1008 378 1053 414 de
1070 377 1164 414 ccelo
1188 377 1227 413 in
1246 377 1429 413 mundum
1449 377 1579 413 venire
1595 380 1631 413 et
1651 378 1745 413 mori

111 429 281 466 voluisti.
304 428 438 465 Amen.

781 630 965 678 CAPUT
1002 632 1078 678 Vll

167 769 216 797 DE
238 768 382 798 TRIBUS
413 768 643 806 PARABOLIS,
669 768 842 797 SCILICET
863 768 872 795 ζ
900 767 1001 805 OVIS,
1030 769 1080 796 ET
1106 768 1316 805 DRAGHMAE,
1339 768 1388 796 ET
1402 767 1493 796 FILII
1517 766 1690 797 PRODIGI.

781 875 889 911 Lucae
905 885 988 922 cap.
1006 875 1081 911 ΧΥ,

167 1016 180 1038 1
207 1002 298 1037 TmA
318 1011 422 1045 SUNT,
443 1011 522 1041 QUAE
554 1011 599 1036 AD
633 1011 898 1036 MISERATIONEM

115 1060 306 1085 INDUCUNT.
329 1068 372 1075 —
394 1048 550 1091 Deinde,
573 1058 621 1084 ne
639 1048 722 1094 quis
744 1049 899 1084 scanda-

114 1097 201 1133 lizet
217 1101 253 1132 et
272 1098 491 1132 contemnat
521 1095 676 1140 pusillos
690 1123 698 1138 ,
723 1099 759 1132 et
780 1096 827 1132 ad
849 1107 898 1132 o-

115 1144 367 1180 stendendum
389 1142 520 1189 quanti
541 1143 615 1179 sint
646 1143 772 1190 pusilli
800 1144 899 1190 apud

114 1191 897 1237 Patrem,subdittresparabolasperordi-

112 1250 212 1276 nem.
240 1239 326 1282 Sed,
349 1239 557 1275 secundum
585 1240 737 1282 Lucam,
762 1239 898 1284 duplex

114 1287 184 1323 fuit
205 1286 366 1330 occasio,
385 1286 462 1321 sive
492 1297 605 1322 causa
627 1287 762 1322 harum
784 1286 898 1322 trium

114 1334 396 1382 parabolarum,
407 1333 549 1369 scilicet
562 1333 897 1380 :appropinquatio

114 1382 405 1429 publicanorum
421 1384 455 1416 et
470 1385 726 1427 peccatorum,
744 1392 787 1417 ac
799 1392 898 1418 mur—

115 1428 277 1465 muratio
300 1428 515 1465 Scribarum
541 1432 576 1464 et
603 1428 895 1465 Pharisaeorum.

114 1479 232 1514 Erant
252 1480 371 1511 autem
409 1478 745 1522 appropinquantes
775 1479 821 1523 ei,
850 1477 897 1512 ad

115 1526 243 1561 Jesum
261 1524 710 1569 Salvatorennpuffltcant
726 1528 759 1560 et
774 1535 897 1570 pecca-

116 1575 223 1615 tores,
245 1570 307 1617 qui
329 1572 450 1607 salute
467 1571 701 1617 indigebant,
720 1575 760 1608 ut
780 1573 897 1608 andi-

114 1623 196 1656 rent
207 1620 326 1659 illum,
348 1618 437 1664 quia
451 1618 727 1656 rationabiliter
745 1623 898 1665 peccata

116 1667 432 1714 reprehendebat,
451 1671 487 1702 et
502 1677 577 1702 non
598 1677 682 1702 cum
702 1667 897 1704 austerita-

114 1718 164 1759 te,
202 1714 267 1750 sed
300 1713 463 1760 benigne
497 1725 562 1750 eos
597 1714 837 1759 admonebat,
862 1719 899 1751 et

115 1772 220 1808 spem
256 1761 374 1797 veniae
413 1761 668 1808 promittebat.
721 1762 898 1799 Libenter

115 1810 255 1846 debent
286 1820 417 1845 omnes
437 1809 484 1845 ad
505 1809 695 1845 Christum
716 1810 898 1846 accedere

115 1860 152 1894 et
169 1856 485 1903 appropinquare,
508 1856 598 1901 quia
619 1856 745 1892 omnia
779 1868 897 1893 reme-

116 1903 179 1940 dia
206 1906 242 1939 in
264 1914 307 1939 eo
329 1907 507 1949 poterunt
529 1903 711 1940 invenire.
734 1906 786 1940 De
808 1904 898 1949 qui-

116 1952 188 1988 bus
220 1950 272 1987 sic
304 1950 394 1986 dicit
431 1952 645 1987 Ambrosius
683 1963 691 1987 ε
731 1952 898 1989 «Omnis

115 1998 244 2035 anima
276 1998 432 2034 accedat
469 1999 516 2034 ad
554 1998 769 2045 Christum,
809 1999 899 2045 quia

117 2045 244 2083 omnia
268 2046 437 2082 Christus
458 2049 514 2082 est
547 2045 679 2092 nobis;
710 2046 740 2083 si
765 2048 899 2083 vulnus

117 2104 249 2130 curare
269 2093 475 2137 desideras,
500 2094 670 2130 medicus
691 2097 771 2139 est;
797 2094 827 2130 si
848 2095 898 2130 se—

115 2140 247 2178 bribus
274 2144 425 2185 aestuas,
448 2143 529 2177 t'ons
556 2144 635 2186 est;
666 2141 697 2177 si
729 2142 898 2188 gravaris

114 2187 328 2234 iniquitate,
347 2188 495 2235 justitia
515 2192 572 2224 est
591 2200 599 2233 3
625 2188 654 2224 si
676 2189 813 2225 auxilio
832 2189 897 2225 in—

116 2235 236 2282 diges,
261 2237 377 2271 virtus
412 2240 489 2280 est;
517 2237 548 2272 si
585 2240 747 2273 mortem
772 2236 896 2281 times,

116 2284 194 2319 vita
214 2286 289 2327 est;
306 2282 335 2319 si
351 2284 485 2320 coelum
504 2283 713 2329 desideras,
731 2284 791 2320 via
812 2290 868 2320 est
886 2296 894 2329 ;

118 2331 150 2366 si
180 2331 359 2367 tenebras
380 2331 493 2376 sugis,
526 2331 588 2367 lux
618 2337 692 2375 est;
716 2331 745 2368 si
773 2331 898 2368 cibum

114 2377 267 2424 quaeris,
290 2378 512 2415 alimentum
535 2382 603 2415 est.
628 2392 646 2413 ))
668 2382 716 2415 Et
734 2391 896 2415 murmu-

115 2425 249 2461 rabant
274 2427 468 2471 Pharisaei,
489 2426 665 2462 simulata
701 2427 899 2463 sanctitate

116 2473 163 2509 ab
185 2472 266 2508 aliis
288 2472 411 2518 divisi,
432 2478 465 2509 et
490 2475 639 2518 Scribae,
660 2475 769 2520 Legis
792 2476 900 2511 noti-

116 2519 170 2556 tia
186 2520 359 2557 doctores
376 2521 518 2568 populi,
533 2522 710 2558 dicentes:
734 2524 827 2566 Quia
844 2524 901 2558 hic

113 2571 318 2613 peccatores
351 2571 495 2615 recipit,
534 2572 567 2605 et
602 2570 802 2605 manducat
822 2581 901 2605 cum

115 2615 207 2650 illis.
227 2615 340 2658 Quasi
361 2616 549 2652 dicerent:
573 2618 639 2652 Hic
659 2617 824 2653 creditur
840 2619 902 2654 bo-

118 2672 191 2708 nus
209 2664 245 2696 et
263 2665 428 2708 sanctus,
448 2667 484 2698 et
497 2667 624 2699 tamen
634 2665 681 2699 ad
697 2675 802 2700 suam
816 2675 903 2700 con-

118 2707 371 2744 versationem
390 2714 427 2746 et
443 2711 603 2757 gratiam
624 2711 756 2758 recipit
773 2723 902 2758 pecca-

117 2758 233 2801 tores,
259 2759 297 2792 et
319 2757 422 2802 quod
447 2758 609 2805 amplius
632 2762 703 2804 est,
730 2760 900 2796 mandu-

119 2805 180 2840 cat
199 2814 283 2841 cum
310 2803 398 2850 illis,
432 2807 625 2853 tamquam
649 2818 781 2844 eorum
797 2806 901 2844 ami—

967 1011 1045 1037 cus.
1072 1000 1109 1038 Si
1130 1001 1400 1047 cognovissent
1422 1000 1563 1038 Scribae
1595 1004 1631 1038 et
1650 1003 1749 1039 Pha-

966 1048 1082 1094 risaei,
1106 1049 1207 1095 quod
1235 1051 1337 1085 venit
1370 1049 1409 1085 in
1436 1051 1535 1085 hunc
1564 1050 1749 1086 mundum

967 1100 1185 1143 peccatores
1206 1097 1330 1134 salvos
1346 1097 1484 1141 facere,
1504 1108 1747 1144 nequaquam

966 1148 1286 1186 murmurassent:
1321 1155 1409 1181 nam
1433 1156 1497 1181 eos
1526 1145 1745 1191 recipiebat,

965 1197 1007 1228 ut
1039 1193 1297 1229 conversando
1334 1203 1418 1228 cum
1458 1194 1512 1228 eis
1539 1203 1560 1229 a
1583 1192 1747 1239 peccatis

966 1242 1218 1283 converteret,
1239 1244 1275 1276 et
1294 1239 1539 1282 illuminaret,
1565 1251 1607 1276 ac
1624 1242 1746 1276 salva-

965 1292 1034 1323 ret.
1068 1287 1239 1323 Christus
1267 1299 1356 1333 ergo
1379 1291 1598 1334 peccatores
1617 1288 1748 1334 poeni-

965 1337 1088 1370 tentes
1113 1334 1355 1381 recipiendos
1390 1347 1474 1372 esse
1506 1336 1691 1380 ostendit;
1712 1339 1749 1372 et

967 1393 1080 1428 super
1116 1384 1188 1418 hoc
1222 1387 1300 1418 tres
1334 1384 1536 1429 parabolas
1579 1383 1746 1419 adducit.

965 1430 1054 1466 Tria
1073 1429 1172 1466 enim
1194 1434 1282 1466 sunt
1301 1441 1384 1476 quse
1406 1432 1600 1467 hominem
1616 1431 1663 1467 ad
1684 1430 1748 1466 mi-

968 1477 1170 1514 serendum
1186 1482 1469 1514 consueverunt
1480 1478 1750 1523 iuducere,sci—

965 1525 1052 1561 licet
1070 1537 1077 1560 :
1098 1524 1333 1572 simplicitas,
1351 1525 1614 1572 propinquitas
1630 1530 1666 1562 et
1687 1537 1748 1562 ne-

967 1574 1136 1610 cessitas.
1157 1576 1232 1609 lsta
1257 1573 1330 1610 tria
1351 1573 1525 1610 similiter
1544 1575 1662 1610 Deum
1683 1574 1749 1609 iu-

965 1621 1106 1657 ducunt
1123 1622 1169 1656 ad
1192 1621 1462 1658 miserendum.
1495 1623 1636 1666 Primo,
1674 1632 1750 1657 no-

967 1674 1045 1705 stra
1072 1668 1293 1714 simplicitas
1336 1673 1374 1706 et
1403 1669 1451 1705 ad
1484 1670 1555 1705 hoc
1584 1669 1750 1716 pertinet

965 1716 1089 1763 prima
1108 1717 1290 1762 parabola
1320 1717 1366 1752 de
1388 1728 1456 1753 ove
1476 1724 1628 1753 errante
1646 1730 1652 1753 :
1673 1718 1748 1752 ho—

967 1775 1027 1800 mo
1051 1764 1151 1800 enim
1168 1768 1224 1800 est
1247 1764 1404 1811 simplex
1436 1768 1612 1811 respectu
1630 1764 1749 1800 hostis

964 1815 1044 1848 tarn
1086 1811 1215 1850 astuti.
1259 1812 1297 1847 id
1349 1815 1406 1848 est
1453 1813 1610 1857 diaboli,
1654 1812 1752 1848 unde

967 1860 1104 1895 clamat
1139 1859 1340 1895 psalmista
1368 1871 1376 1895 2
1399 1862 1536 1896 Eri-avi
1558 1862 1654 1896 sicut
1673 1862 1750 1895 ovis

967 1918 1048 1952 quae
1064 1908 1192 1952 periit,
1215 1918 1334 1952 quaere
1366 1918 1508 1943 servum
1542 1911 1658 1952 tuum,
1681 1910 1750 1943 etc.

965 1955 1201 1996 —Secundo,
1216 1958 1347 1990 nostra
1358 1954 1619 2001 propinquitas
1637 1965 1751 2001 quam

966 2001 1165 2038 nobiscum
1191 2002 1390 2046 contraxit,
1415 2005 1452 2037 et
1468 2006 1514 2039 ad
1536 2004 1606 2038 hoc
1626 2001 1750 2048 perti-

966 2052 1030 2085 net
1071 2049 1237 2085 secunda
1274 2050 1457 2095 parabola
1485 2050 1532 2086 de
1571 2050 1753 2086 drachma

967 2096 1120 2141 amissa,
1154 2096 1192 2132 in
1227 2107 1301 2142 qua
1327 2101 1384 2133 est
1412 2097 1537 2143 imago
1564 2099 1675 2144 regis,
1714 2101 1751 2133 et

966 2143 1275 2190 superinscriptio
1296 2144 1460 2180 nominis
1478 2157 1485 2189 ;
1507 2145 1560 2181 sic
1581 2149 1617 2181 et
1637 2146 1751 2181 homo

966 2192 1014 2228 ad
1051 2191 1255 2237 imaginem
1296 2191 1363 2228 Dei
1401 2193 1581 2228 formatus
1603 2197 1672 2237 est,
1716 2195 1753 2228 et

966 2240 1080 2275 habet
1098 2239 1459 2285 suprascriptionem
1484 2240 1635 2283 Christi,
1665 2240 1753 2286 quia

966 2298 988 2323 a
1009 2287 1155 2323 Christo
1175 2286 1313 2323 dicitur
1329 2287 1590 2332 Christianus3
1611 2293 1649 2324 et
1666 2288 1750 2324 ideo

966 2335 1077 2370 debet
1095 2333 1217 2370 nostri
1234 2334 1418 2380 misereri,
1433 2337 1637 2372 secundum
1660 2335 1752 2371 illud

966 2382 1136 2428 Apostoli
1159 2395 1169 2417 :
1191 2384 1301 2421 Nemo
1344 2394 1487 2419 earnem
1528 2394 1633 2419 suam
1669 2384 1750 2418 odio

969 2430 1111 2474 habuit,
1133 2432 1203 2466 etc.
1227 2451 1267 2457 —
1301 2430 1441 2475 Tertio,
1471 2436 1599 2467 nostra
1624 2441 1751 2466 neces-

969 2476 1060 2513 sitas
1081 2480 1118 2513 et
1138 2481 1353 2524 paupertas,
1370 2481 1407 2514 et
1428 2479 1474 2514 ad
1496 2479 1567 2514 hoc
1588 2479 1751 2525 pertinet

968 2524 1080 2560 tertia
1094 2527 1275 2571 parabola
1295 2526 1342 2562 de
1356 2526 1433 2561 filio
1451 2525 1610 2572 prodigo
1630 2536 1753 2562 rever-

968 2575 1086 2617 tente,
1123 2573 1184 2619 qui
1225 2573 1347 2609 dixit:
1380 2574 1518 2617 Quanti
1537 2573 1754 2609 mercenarii

969 2621 1009 2655 in
1034 2620 1137 2656 domo
1157 2623 1281 2666 patris
1317 2623 1388 2656 mei
1424 2624 1524 2665 suut,
1551 2620 1613 2666 qui
1638 2621 1751 2656 abun-

972 2667 1063 2703 dant
1087 2669 1267 2713 panibu33
1305 2679 1367 2713 egyo
1406 2672 1528 2704 antem
1563 2671 1621 2704 hic
1653 2670 1752 2712 fame

967 2717 1100 2760 pereo!
1121 2716 1277 2759 Quando
1300 2715 1399 2752 enim
1422 2717 1534 2751 homo
1555 2713 1749 2760 cognoscit

972 2772 1078 2798 suam
1100 2762 1291 2799 miseriam
1310 2767 1346 2799 et
1366 2763 1639 2806 infirmitatem,
1662 2765 1750 2797 tunc

970 2810 1067 2847 Deus
1105 2810 1175 2847 sibi
1221 2811 1372 2848 exhibet
1398 2821 1504 2848 suam
1539 2810 1718 2857 pietatem
1737 2820 1748 2855 3
