1907 3139
150 147 206 181 168
597 147 805 184 SECUNDAE
844 147 999 181 PARTls
1039 145 1175 180 CAPUT
1213 145 1329 179 xxvi

786 379 968 426 CAPUT
993 380 1138 426 XXVI

437 529 487 557 DE
519 527 705 556 SESSIONE
733 526 872 556 DOMINI
901 526 1023 556 SUPER
1048 527 1205 556 PULLUM
1234 527 1284 554 ΕΤ
1305 525 1471 554 ASINAM.

216 639 382 676 Matthaei
403 650 486 687 cap.
508 640 601 684 XXI,
618 638 731 675 Marci
758 649 838 685 cap.
865 640 925 685 XI,
948 640 1055 675 Lucae
1076 649 1157 685 cap.
1182 638 1258 674 XIX
1278 641 1314 673 et
1333 636 1489 673 Joannis
1516 645 1597 682 cap.
1622 636 1701 675 xn,

195 790 207 812 1
232 777 396 812 Domus
413 786 518 810 vnxir
539 775 755 810 Bssmpnffiss
775 786 810 811 m
832 786 919 811 MON-

144 835 213 859 1511
232 824 457 859 ΟΙ.11ἘΤΙ.-
474 823 824 867 Frequentabantur
837 833 919 868 my-

144 870 274 913 steria,
314 869 571 922 implebantur
611 869 812 914 Seripturae
854 880 921 916 per

143 919 346 954 Dominum
372 918 515 960 Jesum,
540 916 705 952 instante
735 920 919 969 tempore,

144 975 218 1010 quo
252 964 404 1000 volebat
437 973 504 1009 per
546 962 688 1009 proprii
727 963 922 1009 sanguinis

143 1011 370 1047 effusionem
407 1010 549 1062 mundo
589 1010 762 1046 conferre
805 1021 923 1046 reme-

140 1057 258 1093 dium.
286 1057 402 1102 Igitur
432 1056 469 1092 in
496 1056 716 1100 5155115515,
742 1057 779 1092 id
802 1061 857 1093 est
883 1057 921 1092 in

141 1104 202 1139 die
221 1103 410 1149 sequenti,
431 1103 573 1139 scilicet
594 1103 801 1147 dominica,
825 1114 923 1157 sum-

138 1162 200 1186 mo
230 1161 353 1194 mane,
381 1151 527 1197 paravit
553 1161 592 1186 se
620 1150 667 1186 ad
695 1151 859 1187 eundum
886 1150 923 1186 in

142 1199 370 1243 Jerusalem,
392 1201 537 1233 501051
556 1196 774 1233 1550555510
794 1198 922 1241 modo,

142 1245 209 1281 sod
246 1246 340 1281 sicut
378 1245 500 1281 fuerat
540 1245 818 1290 prophetatum.
852 1247 923 1280 Im-

141 1291 308 1328 minente
330 1291 458 1338 itaque
470 1292 635 1338 paschali
652 1295 834 1337 tempore,
852 1302 924 1338 quo

144 1339 414 1375 immolabatur
445 1349 577 1384 agnus,
618 1340 696 1384 ipse
733 1345 925 1384 tamquam

148 1397 261 1422 verus
281 1388 409 1432 Agnus
430 1386 476 1422 ad
499 1387 622 1421 locum
656 1385 842 1421 Passionis
862 1396 925 1421 ac.-

150 1433 276 1476 cessit,
299 1443 367 1478 pro
403 1433 522 1468 salute
555 1432 685 1468 mundi
719 1432 926 1468 voluntarie

151 1480 420 1523 immolandus,
455 1480 552 1515 sacto
589 1479 790 1514 ostendens
826 1478 927 1524 quod

150 1531 232 1563 erat
264 1526 527 1572 paratissimus
561 1535 601 1560 se
640 1525 853 1568 humiliare,
893 1528 927 1560 et

147 1573 301 1610 obedire
334 1583 450 1618 usque
481 1572 527 1608 ad
569 1576 728 1607 mortem
762 1575 927 1607 contem-

147 1619 428 1673 ptibilissimam
466 1625 503 1655 et
536 1618 832 1661 acerbissimam,
861 1629 929 1664 pro

146 1667 338 1704 omnibus.
368 1666 583 1703 Secundum
610 1666 758 1706 Bedam
787 1676 928 1711 praece-

146 1720 253 1767 ptum
271 1715 379 1766 Legis
400 1717 497 1758 erat,
520 1717 560 1749 ut
580 1712 727 1748 decima
748 1714 835 1748 luna
856 1712 929 1765 pri-

147 1761 196 1797 mi
234 1760 387 1805 mensis,
425 1771 557 1807 535115,
595 1762 672 1796 sive
709 1760 855 1803 hoedus,
892 1771 928 1795 15

149 1810 262 1845 domo
297 1808 557 1844 recluderetur
584 1817 702 1852 usque
741 1806 787 1842 ad
832 1807 928 1842 deci-

152 1866 251 1892 mam
274 1855 404 1891 lunam
421 1855 589 1901 ejusdem
606 1853 759 1898 mensis,
781 1854 928 1899 quando

152 1903 205 1938 :nd
226 1912 421 1948 vesperam
450 1901 741 1944 immolabatur;
766 1902 864 1936 unde
892 1904 928 1936 et

153 1960 265 1985 151115
285 1956 424 1995 Α,35115
441 1960 485 1985 ex
506 1959 606 1984 011151
619 1959 733 1994 grege
753 1947 830 1983 sine
854 1958 927 1983 ma-

149 1997 233 2033 51115
247 1996 399 2039 electae,
415 2007 482 2042 pro
504 1995 629 2041 populi
650 1996 768 2031 salute
788 1999 825 2030 et
841 2005 926 2030 san-

151 2043 376 2079 ctificatione
390 2043 652 2086 immolandus,
665 2046 751 2077 ante
764 2041 927 2087 quinque

152 2090 245 2134 dies,
259 2090 295 2125 id
309 2094 365 2126 est
377 2090 640 2133 decimaluna,
655 2089 929 2135 Jerosotymam

151 2136 336 2181 ascendit,
356 2140 397 2172 ut
411 2136 463 2173 515
482 2136 619 2172 veritas
631 2136 762 2178 11311115
775 2146 929 2182 respon-

149 2184 268 2220 deret.
304 2184 472 2229 Cumque
505 2183 683 2219 Dominus
705 2185 813 2219 Jesus
844 2193 928 2229 per-

153 2241 242 2276 gere
265 2230 391 2274 vellet,
424 2232 555 2274 Mater,
577 2234 617 2266 ut
646 2229 826 2274 creditur,
862 2240 929 2276 pro

153 2277 287 2314 affectu
311 2287 395 2313 eum
411 2277 611 2313 retinebat.
634 2276 815 2313 Similiter
827 2281 863 2313 et
878 2276 931 2312 di-

153 2323 319 2370 scipulis,
348 2327 384 2359 et
413 2324 494 2359 aliis
520 2323 756 2359 intolerabile
778 2323 930 2359 videba-

154 2374 215 2406 tur
244 2370 344 2416 quod
370 2370 457 2406 111115
489 2370 580 2413 iret3
609 2374 660 2414 et,
690 2373 729 2405 ut
756 2373 932 2416 poterant

153 2428 242 2454 eum
262 2399 580 2453 1et1ahebant.O’
598 2398 714 2452 Deiisl
740 2417 931 2469 quomodo

154 2463 365 2509 diligebant
382 2474 485 2499 eum:
508 2467 544 2499 et
566 2463 754 2510 quomodo
775 2468 856 2499 erit
875 2463 932 2499 eis

152 2521 326 2547 amarum
366 2509 547 2556 quidquid
586 2510 740 2546 laederet
784 2510 929 2556 ipsum!

154 2561 239 2605 Ipse
261 2568 347 2593 vero
370 2557 479 2593 aliter
496 2557 747 2602 disposuerat,
767 2557 828 2603 qui
849 2557 931 2593 uni-

157 2615 250 2641 vers
259 2614 352 2640 »rum
370 2604 529 2639 salutem
547 2604 715 2644 sitiebat,-
732 2604 844 2650 coepit
864 2604 931 2657 131-

159 2656 218 2688 tur
240 2653 308 2695 ire,
323 2654 360 2687 et
379 2650 443 2687 illa
460 2661 573 2696 pirva
592 2650 657 2686 sed
677 2650 798 2686 fidelis=
819 2650 931 2704 dusci-

160 2698 333 2745 pulorum
358 2697 532 2734 comitiva
562 2700 644 2742 post
670 2696 792 2750 ipsum
824 2697 932 2734 ince-

160 2746 274 2789 dere:
297 2749 332 2781 et
361 2746 460 2782 venit
489 2746 708 2793 Bethphaqe,
731 2743 769 2782 in
808 2745 931 2782 medio

997 773 1156 819 itineris,
1186 784 1270 820 quae
1300 776 1380 810 eiat
1406 773 1563 819 viculus,
1595 784 1661 810 seu
1691 772 1778 808 villa

998 832 1112 868 parva
1138 821 1389 866 sacerdotum,
1427 820 1465 856 in
1489 822 1606 857 latere
1637 823 1672 856 et
1704 820 1777 856 de-

998 879 1133 904 scensu
1146 879 1210 904 seu
1226 868 1382 904 declivio
1399 867 1536 903 montis
1551 866 1684 904 Oliveti
1698 877 1779 902 ver-

1000 926 1061 951 sus
1077 915 1297 959 Jerusalem,
1312 915 1456 951 distans
1473 925 1546 951 uno
1567 914 1742 950 milliario
1757 924 1779 950 a

999 963 1181 998 Bethania
1187 973 1290 1008 ,quae
1303 962 1406 998 estin
1421 961 1494 998 alio
1507 961 1624 998 latere
1640 960 1778 997 montis

1000 1010 1181 1055 ejusdem,
1196 1014 1232 1045 et
1243 1021 1315 1046 uno
1330 1009 1504 1045 milliario
1519 1020 1540 1044 a
1551 1008 1776 1045 Jerusalem.

1002 1057 1105 1092 Unde
1116 1057 1444 1103 Bethphagelocus
1456 1056 1707 1100 sacerdotum,
1719 1056 1780 1091 be-

1001 1114 1047 1139 ne
1062 1104 1188 1139 domus
1205 1105 1319 1140 buccae
1333 1115 1399 1140 seu
1414 1105 1652 1139 mamillarum
1668 1084 1779 1138 111151--

1001 1154 1195 1196 pretatur:
1214 1151 1363 1187 maxilla
1380 1152 1518 1187 etenim
1533 1150 1686 1196 propria
1701 1152 1781 1186 erat

1002 1208 1090 1243 pars
1108 1198 1347 1234 sacerdotum
1368 1197 1406 1233 in
1426 1199 1522 1243 Lege
1541 1197 1670 1241 veteri,
1691 1207 1780 1243 quo-

1003 1255 1086 1280 111111
1113 1248 1194 1280 erat
1220 1244 1441 1291 praedicare,
1470 1248 1506 1280 et
1535 1245 1689 1280 verbum
1718 1243 1782 1279 Dei

1003 1302 1229 1337 proponere.
1250 1292 1471 1328 Sacerdotes
1489 1301 1621 1336 nempe
1640 1290 1702 1336 qui
1716 1301 1783 1337 per

1004 1338 1304 1374 hebdomadam
1296 1349 1333 1373 15
1348 1338 1486 1390 templo
1505 1337 1782 1381 deserviebant,

1005 1385 1191 1431 completo
1229 1384 1353 1420 officio
1381 1384 1473 1419 vicis
1507 1396 1600 1429 suae,
1623 1385 1712 1420 illud
1735 1384 1783 1420 ad

1006 1432 1233 1467 manendum
1246 1431 1498 1475 divertebant,
1511 1431 1574 1467 ubi
1590 1434 1702 1468 etiam
1722 1441 1785 1477 pe-

1006 1489 1093 1513 cora
1113 1489 1180 1514 sua
1196 1479 1361 1516 51511551.
1383 1478 1484 1514 Licet
1505 1478 1607 1514 enim
1626 1490 1700 1515 non
1721 1481 1782 1515 ha-

1006 1525 1138 1560 berent
1173 1525 1419 1560 hereditatem
1446 1525 1493 1561 ad
1520 1526 1781 1570 excolendum,

1008 1573 1198 1608 habebant
1218 1575 1342 1608 tamen
1375 1572 1508 1607 domos
1528 1573 1574 1608 ad
1605 1574 1783 1608 nutrien-

1007 1619 1095 1654 dum
1117 1618 1309 1663 animalia,
1328 1622 1365 1654 et
1379 1619 1426 1654 ad
1448 1619 1675 1655 manendum
1691 1623 1783 1655 tem-

1006 1676 1097 1711 pore
1120 1676 1192 1711 quo
1217 1677 1291 1701 nou
1312 1666 1496 1701 vacabant
1522 1666 1635 1702 cultui
1654 1666 1782 1702 divino

1006 1713 1046 1748 in
1067 1713 1291 1749 Jerusalem.
1316 1714 1356 1748 In
1381 1714 1449 1748 hoc
1476 1714 1576 1758 quod
1602 1713 1782 1749 Dominus

1007 1759 1107 1795 venit
1134 1759 1173 1794 in
1196 1765 1362 1795 montem
1386 1760 1533 1804 Oliveti,
1550 1760 1785 1806 significatur

1007 1806 1107 1852 quod
1129 1817 1196 1852 per
1215 1807 1333 1842 solam
1353 1806 1531 1853 pietatem
1548 1807 1723 1844 veniebat
1736 1808 1782 1844 ad

1008 1853 1240 1898 Passionem,
1261 1858 1297 1889 et
1313 1865 1388 1889 non
1416 1865 1483 1900 per
1504 1854 1783 1892 necessitatem.

1007 1901 1219 1938 Secundum
1255 1903 1530 1945 Hieronymum,
1568 1901 1638 1937 iste
1676 1912 1785 1938 mons

1006 1952 1161 1983 vocatur
1181 1958 1286 1983 mons
1307 1948 1394 1991 olei,
1420 1948 1634 1984 chrismatis
1669 1954 1705 1985 et
1726 1949 1784 1984 lu-

1006 1994 1142 2030 minis:
1165 1994 1203 2030 15
1224 2006 1296 2040 quo
1319 1994 1555 2040 significatur
1574 1995 1708 2041 triplex
1729 1996 1783 2031 es·

1005 2042 1125 2077 fectus
1149 2041 1351 2077 Dominicae
1379 2041 1582 2087 Passionis,
1610 2043 1782 2079 scilicet.
1774 2054 1782 2062 ·

1004 2088 1044 2124 in
1069 2088 1168 2124 oliva
1195 2089 1303 2124 xenia
1329 2088 1588 2134 indulgentiae.
1620 2089 1658 2125 in
1683 2089 1784 2125 chri-

1006 2139 1125 2172 smate
1140 2135 1262 2171 unctio
1280 2135 1427 2182 gratiae,
1447 2137 1485 2171 in
1500 2136 1639 2172 lumine
1659 2137 1786 2183 splen-

1007 2183 1075 2219 dor
1097 2182 1240 2228 gloriae.

1056 2243 1072 2265 2
1102 2231 1199 2265 Duos
1230 2241 1347 2264 1111111
1381 2241 1585 2266 5155155105
1608 2241 1652 2266 An
1680 2241 1785 2271 (15.5-

1007 2288 1149 2313 nannum
1170 2288 1301 2312 ASJNAM
1323 2288 1476 2317 5155055
1496 2289 1649 2313 pur-mm.
1671 2298 1717 2304 —
1737 2280 1785 2313 Et

1008 2335 1087 2360 cum
1107 2326 1464 2369 appropinquassent
1481 2326 1732 2370 Jerorolymis,
1752 2328 1786 2360 et

1007 2372 1401 2415 venissentBethphaye
1411 2372 1459 2406 ad
1468 2375 1620 2407 montem
1631 2371 1785 2415 Oliveti3

1009 2421 1093 2453 tunc
1108 2419 1211 2453 Jesus
1228 2419 1329 2453 misit
1350 2418 1438 2454 inde
1455 2418 1545 2453 duos
1568 2419 1783 2463 discipulos.

1010 2465 1222 2501 Secundum
1241 2465 1532 2508 chrysostomum
1546 2469 1583 2501 et
1603 2465 1785 2509 Glossam,

1009 2511 1046 2547 hi
1067 2510 1217 2547 suerunt
1237 2511 1432 2557 Philippus
1451 2515 1487 2548 et
1509 2514 1670 2548 Petrus:
1695 2523 1785 2565 quo-

1009 2569 1092 2594 rum
1130 2557 1274 2604 primus
1307 2560 1530 2603 Samariam,
1566 2558 1691 2612 quasi
1701 2560 1785 2595 asi-

1008 2615 1110 2649 nam,
1127 2605 1315 2641 secundus
1335 2606 1564 2644 0115511515
1586 2605 1692 2658 quasi
1713 2605 1787 2642 asi-

1011 2663 1069 2688 nae
1093 2652 1234 2698 pullum
1261 2652 1432 2696 adduxit;
1466 2653 1560 2688 tales
1583 2651 1683 2688 enim
1711 2653 1784 2689 de-

1010 2700 1098 2735 bent
1126 2698 1221 2734 mitti
1245 2699 1292 2735 ad
1321 2700 1616 2745 praedicandum,
1642 2699 1785 2736 seilicet

1010 2745 1073 2794 qui
1109 2746 1223 2783 habet
1244 2746 1477 2794 agnitionem
1506 2746 1689 2791 veritatis,
1715 2757 1780 2784 seu
