1907 3139
348 183 396 216 1)ss
436 181 683 215 EFFUSIONE
725 181 943 215 tiNGt‘itNTt
983 181 1119 215 SUPER
1156 182 1296 214 CAPUT
1333 183 1446 215 JilSl'.
1666 180 1726 213 105

95 251 222 297 guenti
244 252 291 288 ad
306 252 535 298 sepulturam
549 262 654 287 suam
668 252 868 288 reservari.

97 299 198 335 Unde
211 299 439 335 credendum
462 302 529 343 est,
542 300 642 345 quod
661 298 779 335 Maria
799 299 870 334 hoc

94 346 220 382 fecerit
240 347 372 382 edocta
393 357 413 382 a
436 346 576 393 Spiritu
592 348 728 382 Sancto
751 358 759 382 z
782 346 869 392 quia

93 393 229 430 etenIm
249 398 474 440 cognoverat
489 395 689 430 Dominum
702 394 736 429 in
752 395 870 440 proxi-

92 451 152 476 mo
168 440 405 483 moriturum,
419 441 499 488 ipso
521 442 590 477 hoc
609 442 770 486 dicente,
786 441 868 477 ideo

92 491 323 533 unguentum
344 492 557 534 paraverat,
587 490 692 535 cujus
719 492 867 534 partem

89 545 187 570 nunc
213 536 402 581 expendit,
419 540 456 572 et
467 541 612 582 partem
627 536 674 572 ad
696 536 865 572 ot'i'icium

87 582 287 627 sepulturae
320 583 538 620 reservavit.
569 586 744 630 Pauperes
773 586 866 619 enim

89 640 228 675 semper
251 631 391 666 habetis
415 633 611 676 vobiscum,
647 631 782 677 quihus
803 632 866 667 be-

88 677 259 713 nefacere
277 678 446 724 potestis,
467 683 503 714 et
520 690 744 725 recuperare
767 679 867 725 quod

30 743 34 748 »
89 725 200 760 inodo
236 726 448 772 neglectum
480 726 628 770 dicitis3
662 738 717 762 me
750 730 868 761 autem

88 783 160 807 non
185 783 324 818 semper
347 775 501 815 habetis,
527 773 666 809 scilicet
705 784 867 820 praesen-

92 818 144 855 tia
164 820 366 866 corporali,
390 821 437 856 ad
467 821 714 857 habitandum
747 820 867 856 vobis-

90 877 175 902 cum
198 868 235 902 in
258 878 369 904 carne
396 868 581 914 passibili,
604 879 686 914 quae
725 867 868 910 indiget

88 913 264 950 unctione
287 914 366 950 tali.
394 915 506 959 Quasi
529 916 669 951 diceret
690 927 698 951 ε
726 914 867 951 Poterit

87 972 315 1007 recuperare
335 962 382 998 ad
399 963 710 999 benefaciendum
729 973 866 1009 paupe-

87 1007 208 1053 ribus,
230 1009 297 1044 sed
316 1020 394 1045 non
421 1010 468 1046 ad
494 1010 710 1056 ungendum
732 1020 866 1056 corpus

87 1066 227 1091 meum.
259 1057 373 1093 Bonis
407 1061 443 1093 et
472 1058 580 1093 malis
620 1057 785 1103 loquitur
821 1058 866 1093 de

86 1105 286 1149 praesentia
329 1106 497 1151 corporis
529 1105 607 1148 sui;
630 1106 729 1141 sedet
765 1104 867 1140 enim

88 1151 136 1185 ad
153 1151 340 1187 deaeteram
358 1153 494 1197 Patris,
513 1156 713 1199 postquam
731 1152 769 1188 in
790 1163 867 1188 coe-

86 1198 163 1234 lum
192 1199 377 1244 ascendit,
414 1205 451 1236 et
489 1201 694 1236 secundum
730 1210 866 1246 corpus

88 1256 163 1281 non
183 1249 239 1282 est
259 1246 333 1290 hic,
350 1246 413 1291 qui
433 1247 635 1293 praesentia
659 1247 866 1294 majestatis

87 1303 237 1339 semper
257 1297 314 1329 est
338 1294 411 1330 hic.
434 1294 470 1330 Si
505 1298 632 1330 tamen
666 1295 713 1330 ad
746 1295 865 1330 bonos

88 1340 258 1386 pertines
293 1352 442 1387 semper
465 1342 582 1378 habes
610 1342 800 1378 Christum
826 1341 864 1377 in

88 1387 265 1433 praesenti
286 1399 355 1434 per
374 1388 501 1432 fidem,
525 1400 592 1434 per
613 1389 775 1434 signum,
799 1400 866 1435 per

88 1435 329 1481 Baptismatis
345 1439 640 1477 sacramentum,
661 1435 867 1479 peraltaris

86 1481 212 1518 cibum
234 1486 269 1518 et
286 1486 431 1528 potum.
451 1482 553 1517 Unde
565 1481 654 1518 alibi
675 1481 766 1517 dicit
787 1482 864 1518 eis:

85 1532 174 1565 Eece
190 1541 252 1574 090
268 1530 452 1565 vobiscum
472 1541 551 1564 sum
577 1540 690 1575 usque
712 1530 761 1564 ad
783 1540 866 1564 0οη-

86 1579 366 1613 summationem
394 1578 520 1621 seculi,
556 1576 641 1622 quia
680 1576 752 1612 erit
783 1588 866 1612 cum

86 1624 262 1660 fidelibus
290 1627 490 1667 praesentia
527 1623 709 1668 spirituali
746 1627 783 1659 et
809 1635 867 1659 sa-

87 1671 326 1707 cramentali.
350 1672 452 1715 Quod
470 1672 613 1715 habuit,
636 1671 671 1706 id
688 1674 744 1707 est
766 1671 867 1716 quod

85 1718 218 1764 potuit,
255 1720 325 1754 haec
361 1721 473 1762 fecit:
498 1718 568 1763 vel,
599 1719 699 1764 quod
734 1718 868 1755 habuit

86 1767 209 1802 facere
231 1777 272 1802 ex
291 1766 416 1801 officio
432 1765 599 1812 pietatis,
620 1766 689 1801 hnc
707 1765 807 1809 fecit,
827 1765 866 1801 in

85 1824 199 1859 opere
215 1813 365 1848 deitatis
384 1824 392 1857 ;
415 1815 590 1858 praevenit
611 1812 711 1848 enim
734 1824 867 1856 ungere

85 1871 216 1906 corpus
253 1871 384 1902 meum,
409 1862 448 1895 in
480 1862 707 1905 sepulturam
744 1871 866 1895 meam

85 1908 249 1943 suturam
285 1907 574 1953 designandam,
604 1908 692 1953 quia
724 1907 762 1942 in
796 1908 867 1943 hoc

86 1955 182 1990 sacto
203 1955 461 2001 praefiguravit
484 1965 566 1990 eain
587 1954 632 1990 de
653 1953 866 2000 propinquo

84 2002 263 2038 suturam.
294 2002 404 2045 Quasi
437 2001 511 2038 illis
539 2001 680 2037 diceret
712 2017 720 2038 :
751 2002 868 2038 Sinite

87 2053 124 2085 ut
143 2049 255 2085 saciat
275 2049 372 2093 vivo,
395 2050 485 2085 dum
504 2050 753 2095 1›ote.-ti,quod
770 2049 868 2085 volet

85 2098 206 2133 tacere
234 2100 397 2136 mortuo,
421 2098 485 2132 sed
508 2108 581 2132 non
596 2096 867 2142 poterit.Unde

84 2145 265 2180 Alc-uinus
294 2157 304 2179 .-
337 2159 355 2177 «
384 2144 579 2190 Significat
607 2154 645 2179 se
676 2148 866 2179 mortuum

86 2195 122 2227 et
148 2191 195 2227 ad
231 2191 490 2238 sepeliendum
525 2191 759 2227 aromatibus
786 2202 866 2227 esse

89 2240 321 2284 ungendum.
351 2240 437 2275 Ideo
462 2239 604 2282 Mariae,
633 2238 691 2274 cui
722 2240 768 2274 ad
797 2249 863 2274 un-

86 2285 250 2322 ctionem
285 2285 423 2322 mortui
460 2286 631 2332 corporis
666 2287 864 2331 pervenire

87 2344 163 2369 non
185 2333 328 2378 liceret,
352 2334 534 2369 donatum
559 2337 615 2369 est
640 2333 778 2368 viventi
799 2334 864 2368 ad-

86 2381 158 2416 huc
176 2381 396 2427 impendere
412 2380 652 2426 obsequium,
667 2380 767 2426 quod
781 2382 866 2426 post

86 2435 245 2464 mortem
264 2428 376 2464 celeri
395 2428 674 2464 resurrectione
696 2438 865 2474 praeven-

89 2478 138 2519 ta,
160 2475 383 2521 nequiverit.
407 2488 424 2509 ›)
442 2476 546 2512 Unde
566 2479 603 2511 et
617 2476 837 2521 Theophilus
854 2488 863 2509 :

93 2537 105 2553 u
130 2523 316 2558 Praevenit
334 2533 377 2558 ea
401 2523 506 2569 quasi
526 2534 548 2558 a
566 2524 642 2558 Deo
665 2523 777 2558 ducta
797 2533 865 2557 un-

87 2579 174 2613 gere
194 2580 330 2615 corpus
351 2581 490 2614 meum,
512 2569 551 2605 in
572 2569 720 2615 =signum
736 2569 863 2615 sepul-

91 2620 181 2651 turae
204 2616 354 2661 suturae,
371 2617 408 2652 in
426 2628 498 2662 quo
513 2617 746 2663 proditorem
768 2626 866 2651 con-

88 2663 223 2698 fundit.
247 2665 298 2699 Ac
320 2664 350 2699 si
372 2665 405 2700 ei
427 2664 568 2700 diceret
591 2676 599 2700 z
623 2665 702 2708 Qua
720 2664 865 2698 consci-

86 2710 186 2746 entia
222 2710 419 2746 mulierem
458 2712 667 2756 confundis,
707 2721 791 2757 quae
827 2710 865 2745 in

944 256 1102 288 mortem
1127 253 1284 288 trades?
1304 267 1322 284 »
1352 254 1500 288 Mittens
1529 254 1623 288 enim
1649 254 1721 289 haec

943 303 1145 344 unquntum
1168 301 1231 335 hoc
1250 302 1288 335 z'n
1307 310 1436 345 corpus
1457 311 1582 341 meum,
1603 300 1652 335 ad
1670 311 1722 336 se-

942 348 1149 393 peliendum
1163 358 1218 383 me
1235 349 1336 392 fecit,
1350 351 1387 382 et
1404 357 1470 392 per
1491 348 1574 389 hoc,
1597 357 1719 383 meam

944 395 1174 439 sepulturam
1207 393 1478 441 praefiguravit.
1516 394 1621 436 Quod
1655 405 1721 431 vos

944 444 1083 488 putatis
1117 442 1367 489 perditionem
1401 452 1484 477 esse
1519 443 1720 485 unguenti,

944 490 1109 525 osticium
1135 493 1205 534 est,
1228 495 1263 525 et
1300 487 1526 534 significatio
1559 489 1723 533 sepultu—

944 548 1008 572 rze.
1038 537 1254 583 Mystei·ium
1290 540 1346 573 est
1381 535 1481 581 quod
1517 534 1654 580 agitur,
1684 535 1723 570 in

943 595 1017 630 quo
1042 595 1143 620 mors
1170 590 1206 620 et
1227 585 1419 631 sepultura
1442 593 1525 618 mea
1547 581 1618 616 rito
1641 581 1720 617 fieri

944 632 1190 677 signifieatur.
1216 634 1256 667 In
1275 630 1444 677 proximo
1467 630 1567 665 enim
1590 639 1722 674 passu-

943 690 1006 714 rus
1028 690 1123 721 sum,
1145 679 1304 723 ideoque
1320 678 1410 714 mihi
1432 678 1502 712 hoc
1521 676 1658 712 obtulit
1673 676 1721 711 ad

943 726 1215 772 sepeliendum.
1239 729 1312 762 Nec
1341 726 1478 760 mirum
1504 723 1533 760 51
1570 734 1629 758 me
1657 734 1724 759 un-

943 776 1084 819 guento
1121 773 1344 819 perfuderit,
1376 777 1411 807 ct
1446 771 1537 806 mihi
1577 771 1720 806 bonum

944 821 1097 856 odorem
1125 821 1213 857 fidei
1241 831 1317 858 suae
1351 819 1511 862 dederit,
1534 829 1615 853 cum
1650 828 1719 864 ego

945 878 1009 913 pro
1039 878 1083 903 ea
1108 880 1192 904 mox
1221 869 1373 904 fusurus
1400 865 1469 901 sim
1498 864 1720 910 sanguinem

944 925 1082 959 meum,
1124 920 1160 951 et
1198 916 1351 951 daturus
1388 913 1553 949 animam
1583 923 1719 949 meam.

944 961 1130 999 Patientia
1151 974 1240 1009 ergo
1264 961 1412 999 Domini
1441 960 1565 1005 arguit
1582 960 1719 996 Judam

943 1009 1124 1055 avaritiae,
1149 1014 1185 1046 et
1208 1021 1284 1046 non
1310 1018 1515 1055 pauperum
1539 1017 1651 1042 causa
1671 1006 1722 1042 di-

942 1056 1039 1093 xisse
1060 1058 1159 1104 quod
1181 1058 1290 1101 dixit;
1313 1057 1379 1093 sed
1401 1054 1622 1101 obsequium
1643 1055 1721 1089 Ma·

942 1106 1007 1140 riae
1043 1104 1344 1148 commendavit,
1384 1105 1587 1139 ostendens
1621 1101 1719 1146 quod

942 1156 1041 1188 esset
1075 1153 1293 1195 moriturus,
1315 1156 1351 1187 et
1379 1150 1426 1186 ad
1462 1148 1720 1195 sepeliendum

941 1200 1175 1236 aromatibus
1197 1198 1412 1244 ungendus.

991 1263 1010 1294 9
1033 1249 1239 1283 Pnopnmm
1260 1249 1391 1282 Domni
1412 1257 1456 1280 DE
1477 1256 1616 1280 riiTunA
1639 1255 1725 1278 GLO-

941 1307 1001 1330 nm
1038 1297 1178 1330 MARIAE.
1212 1313 1256 1320 -—
1283 1295 1386 1329 Tunc
1427 1292 1623 1328 affirmans
1668 1290 1723 1326 eis

940 1344 1064 1386 Jesus,
1084 1352 1177 1388 opus
1199 1342 1269 1376 hoc
1291 1339 1664 1375 commemorandum
1682 1337 1722 1373 in

942 1390 1089 1425 dulcem
1117 1387 1338 1424 memoriam
1375 1387 1472 1432 ejus,
1512 1385 1551 1421 id
1583 1388 1638 1421 est
1673 1385 1721 1421 ad

942 1436 1091 1472 laudem
1129 1436 1209 1481 ejus
1245 1434 1496 1477 recitandum,
1524 1436 1720 1479 tamquam

942 1483 1080 1518 factum
1117 1482 1340 1525 virtuosum,
1371 1483 1426 1516 ait
1457 1493 1466 1515 :
1500 1481 1615 1515 Amen
1642 1480 1721 1514 dieo

940 1530 1042 1565 cobis
1064 1530 1281 1574 ubicumque
1306 1531 1345 1563 in
1366 1531 1438 1563 toto
1469 1528 1603 1562 mundo
1628 1537 1721 1572 prae-

941 1577 1103 1612 dicatum
1139 1577 1254 1620 fuerit
1299 1577 1362 1610 hoe
1398 1575 1660 1618 Evanqelium‚
1684 1573 1722 1609 id

942 1630 997 1659 est
1018 1625 1089 1659 hoc
1110 1624 1249 1659 sactum
1272 1621 1442 1657 mulieris
1462 1620 1660 1667 pertinens
1672 1620 1717 1656 ad

942 1671 1079 1707 Christi
1115 1670 1384 1715 Evangelium;
1417 1669 1585 1704 nondum
1614 1667 1719 1703 enim

942 1717 1145 1764 Evangelia
1168 1720 1275 1753 erant
1298 1715 1450 1762 scripta.
1479 1714 1594 1759 Quasi
1623 1714 1722 1751 dice-

942 1769 999 1801 ret
1023 1777 1030 1801 z
1059 1767 1132 1802 Vos
1157 1764 1379 1809 insipienter
1407 1774 1489 1799 eam
1512 1763 1722 1808 reprehen-

942 1812 1042 1856 ditis,
1065 1823 1131 1857 pro
1153 1823 1196 1847 e›
1218 1813 1331 1855 sacto,
1353 1821 1422 1856 pro
1441 1821 1514 1856 quo
1537 1809 1619 1856 ipsa
1640 1809 1723 1845 lau-

942 1860 1066 1896 danda
1085 1863 1142 1895 est
1165 1861 1204 1894 in
1219 1861 1385 1894 universo
1402 1858 1550 1897 mundo,
1563 1857 1725 1892 ubicum-

943 1918 1011 1952 que
1029 1907 1267 1953 praedz‘catum
1287 1906 1402 1948 fuerit
1427 1905 1529 1939 istud
1556 1906 1722 1947 Eranye-

943 1956 1046 1995 lium,
1081 1953 1119 1989 id
1150 1956 1207 1989 est
1240 1951 1469 1997 ubicumque
1504 1950 1724 1986 dilatabitur

944 2000 1109 2037 Ecclesia
1146 2011 1214 2047 per
1252 1999 1448 2039 mundum,
1471 2002 1504 2034 et
1528 1999 1624 2043 quod
1651 1999 1723 2033 haec

940 2051 1041 2093 fecit,
1064 2048 1281 2084 narrabitur
1300 2049 1339 2082 in
1364 2048 1574 2081 memoriam
1612 2046 1691 2090 ejus
1710 2058 1721 2080 :

942 2095 1030 2142 quia
1049 2094 1272 2131 memoriale
1305 2094 1579 2140 sempiternum
1603 2093 1720 2128 habe—

942 2143 1010 2187 bit,
1035 2154 1076 2178 ex
1097 2144 1168 2178 hoc
1184 2142 1282 2188 quod
1297 2141 1389 2177 mihi
1405 2141 1504 2177 fecit.
1530 2139 1598 2176 Ubi
1619 2139 1720 2175 idem

944 2192 1191 2236 Theophilus.-
1216 2202 1233 2222 «
1258 2189 1464 2235 Prophetat
1486 2191 1611 2224 autem
1639 2188 1721 2222 Do-

940 2238 1065 2273 minus
1082 2241 1361 2283 consequenter
1375 2236 1468 2272 duas
1486 2234 1719 2282 prophetias,

941 2284 1108 2320 scilicet:
1133 2285 1233 2330 quod
1255 2283 1500 2329 Evangelium
1523 2283 1605 2329 eJus
1626 2292 1719 2328 prae-

941 2332 1127 2368 dicabitur
1145 2332 1185 2367 in
1205 2333 1382 2367 universo
1398 2331 1554 2374 mundo,
1572 2328 1720 2375 etquod

941 2390 1032 2425 opus
1069 2379 1238 2415 mulieris
1275 2379 1493 2415 laudabitur
1532 2388 1540 2412 z
1579 2390 1596 2409 »
1641 2377 1719 2411 haec

943 2428 1176 2473 Theophilus.
1211 2428 1256 2462 Et
1286 2428 1357 2462 hoc
1395 2423 1544 2461 Domini
1578 2423 1719 2459 dictum

935 2474 1015 2520 jam
1052 2477 1155 2521 patet
1193 2473 1452 2519 adimpletum.
1486 2471 1554 2507 Ubi
1591 2471 1721 2506 Beda:

942 2534 959 2554 «
983 2522 1196 2557 Notandum
1217 2524 1357 2564 autem,
1380 2519 1471 2565 quia
1491 2518 1587 2554 sicut
1605 2516 1724 2553 Maria

939 2568 1098 2614 gloriam
1126 2569 1262 2614 adepta
1296 2571 1366 2611 est,
1388 2571 1467 2602 toto
1498 2567 1588 2601 orbe
1621 2575 1721 2611 quo-

941 2626 1101 2660 cumque
1135 2615 1302 2651 Ei·clesia
1336 2617 1469 2650 sani-ta
1495 2612 1629 2649 diffusa
1648 2615 1720 2656 est,

941 2663 986 2698 de
1009 2663 1188 2709 obsequio
1208 2662 1307 2708 quod
1328 2660 1489 2697 Domino
1512 2659 1575 2707 pia
1596 2659 1719 2711 denso-

940 2709 1043 2746 tione
1077 2709 1266 2753 exhibuit;
1297 2709 1350 2745 ita
1377 2719 1396 2744 e
1421 2706 1627 2749 contrario,
1654 2705 1719 2741 ille

87 2759 317 2803 sepulturam
356 2768 490 2805 corpus
523 2770 648 2796 meum
682 2760 807 2803 ungit,
831 2760 867 2793 et
905 2775 907 2797 i
942 2757 1003 2804 qui
1022 2757 1200 2804 obsequio
1224 2757 1306 2803 ejiis
1327 2757 1526 2793 detrahere
1548 2758 1718 2789 temera—

89 2807 249 2854 teipsum
284 2816 359 2844 non
398 2806 608 2854 confundis,
640 2806 701 2855 qui
730 2816 787 2843 ine
829 2804 866 2842 in
904 2800 907 2853 l
940 2804 997 2845 ria
1018 2804 1146 2852 lingua
1173 2815 1248 2843 non
1269 2803 1408 2848 timuit,
1431 2801 1601 2853 perfidiae
1629 2803 1717 2837 nota
