<?xml version="1.0" encoding="UTF-8"?>
<!DOCTYPE html PUBLIC "-//W3C//DTD XHTML 1.0 Transitional//EN"
    "http://www.w3.org/TR/xhtml1/DTD/xhtml1-transitional.dtd">
<html xmlns="http://www.w3.org/1999/xhtml" xml:lang="en" lang="en">
 <head>
  <title>
</title>
<meta http-equiv="Content-Type" content="text/html;charset=utf-8" />
  <meta name='ocr-system' content='tesseract 3.04.00' />
  <meta name='ocr-capabilities' content='ocr_page ocr_carea ocr_par ocr_line ocrx_word'/>
</head>
<body>
  <div class='ocr_page' id='page_1' title='image "./vitajesuchristie03ludouoft_0348.png"; bbox 0 0 1907 3139; ppageno 0'>
   <div class='ocr_carea' id='block_1_1' title="bbox 171 176 1326 214">
    <p class='ocr_par' dir='ltr' id='par_1_1' title="bbox 171 176 1326 214">
     <span class='ocr_line' id='line_1_1' title="bbox 171 176 1326 214; baseline -0.002 -3"><span class='ocrx_word' id='word_1_1' title='bbox 171 179 228 211; x_wconf 74' lang='lat'>322</span> <span class='ocrx_word' id='word_1_2' title='bbox 650 179 858 214; x_wconf 84' lang='lat' dir='ltr'>SECUNDAE</span> <span class='ocrx_word' id='word_1_3' title='bbox 895 178 1051 212; x_wconf 76' lang='lat' dir='ltr'>PAR&#39;ris</span> <span class='ocrx_word' id='word_1_4' title='bbox 1088 177 1227 210; x_wconf 83' lang='lat' dir='ltr'>CAPUT</span> <span class='ocrx_word' id='word_1_5' title='bbox 1266 176 1326 210; x_wconf 81' lang='lat' dir='ltr'>th</span> 
     </span>
    </p>
   </div>
   <div class='ocr_carea' id='block_1_2' title="bbox 156 249 952 2838">
    <p class='ocr_par' dir='ltr' id='par_1_2' title="bbox 177 249 950 334">
     <span class='ocr_line' id='line_1_2' title="bbox 177 249 950 297; baseline -0.004 -10"><span class='ocrx_word' id='word_1_6' title='bbox 177 251 370 297; x_wconf 87' lang='lat' dir='ltr'>populum,</span> <span class='ocrx_word' id='word_1_7' title='bbox 391 253 428 287; x_wconf 89' lang='lat' dir='ltr'>et</span> <span class='ocrx_word' id='word_1_8' title='bbox 447 249 609 297; x_wconf 87' lang='lat' dir='ltr'>dirigere</span> <span class='ocrx_word' id='word_1_9' title='bbox 628 249 879 297; x_wconf 84' lang='lat' dir='ltr'>principatum</span> <span class='ocrx_word' id='word_1_10' title='bbox 901 260 910 284; x_wconf 77' lang='lat' dir='ltr'><em>z</em></span> <span class='ocrx_word' id='word_1_11' title='bbox 932 264 950 280; x_wconf 76' lang='grc' dir='ltr'><strong>υ</strong></span> 
     </span>
     <span class='ocr_line' id='line_1_3' title="bbox 180 298 502 334; baseline -0.003 0"><span class='ocrx_word' id='word_1_12' title='bbox 180 299 261 334; x_wconf 87' lang='lat' dir='ltr'>haec</span> <span class='ocrx_word' id='word_1_13' title='bbox 283 298 502 334; x_wconf 80' lang='lat' dir='ltr'>Bernardus.</span> 
     </span>
    </p>

    <p class='ocr_par' dir='ltr' id='par_1_3' title="bbox 156 345 952 2838">
     <span class='ocr_line' id='line_1_4' title="bbox 228 345 952 388; baseline -0.004 -7"><span class='ocrx_word' id='word_1_14' title='bbox 228 359 246 381; x_wconf 78' lang='lat'><em>2</em></span> <span class='ocrx_word' id='word_1_15' title='bbox 269 346 431 382; x_wconf 79' lang='lat' dir='ltr'>SATANAs</span> <span class='ocrx_word' id='word_1_16' title='bbox 451 356 579 381; x_wconf 76' lang='lat' dir='ltr'>annAT</span> <span class='ocrx_word' id='word_1_17' title='bbox 598 355 633 380; x_wconf 80' lang='grc' dir='ltr'>ΙΝ</span> <span class='ocrx_word' id='word_1_18' title='bbox 644 345 777 388; x_wconf 67' lang='grc' dir='ltr'>ὖυΒΑΜ,</span> <span class='ocrx_word' id='word_1_19' title='bbox 798 354 859 384; x_wconf 80' lang='lat' dir='ltr'>Qui</span> <span class='ocrx_word' id='word_1_20' title='bbox 878 354 952 378; x_wconf 78' lang='lat' dir='ltr'>Tm-</span> 
     </span>
     <span class='ocr_line' id='line_1_5' title="bbox 178 393 951 429; baseline -0.005 -1"><span class='ocrx_word' id='word_1_21' title='bbox 178 403 286 428; x_wconf 79' lang='lat' dir='ltr'>GINTA</span> <span class='ocrx_word' id='word_1_22' title='bbox 302 404 498 429; x_wconf 79' lang='lat' dir='ltr'><strong>ARGENTEIS</strong></span> <span class='ocrx_word' id='word_1_23' title='bbox 512 393 726 428; x_wconf 78' lang='lat' dir='ltr'>MAoisrnun</span> <span class='ocrx_word' id='word_1_24' title='bbox 741 402 884 426; x_wconf 65' lang='lat' dir='ltr'>vennir.</span> <span class='ocrx_word' id='word_1_25' title='bbox 907 411 951 417; x_wconf 92' lang='lat'><strong>—</strong></span> 
     </span>
     <span class='ocr_line' id='line_1_6' title="bbox 178 436 951 479; baseline -0.005 -3"><span class='ocrx_word' id='word_1_26' title='bbox 178 441 337 476; x_wconf 79' lang='lat' dir='ltr'><em>Intravit</em></span> <span class='ocrx_word' id='word_1_27' title='bbox 363 443 483 476; x_wconf 83' lang='lat' dir='ltr'>autem</span> <span class='ocrx_word' id='word_1_28' title='bbox 501 441 660 476; x_wconf 84' lang='lat' dir='ltr'>Satanas</span> <span class='ocrx_word' id='word_1_29' title='bbox 679 441 717 474; x_wconf 82' lang='lat' dir='ltr'>in</span> <span class='ocrx_word' id='word_1_30' title='bbox 740 439 889 479; x_wconf 80' lang='lat' dir='ltr'>Judam‚</span> <span class='ocrx_word' id='word_1_31' title='bbox 912 436 951 472; x_wconf 91' lang='lat' dir='ltr'>id</span> 
     </span>
     <span class='ocr_line' id='line_1_7' title="bbox 179 487 950 530; baseline -0.005 -7"><span class='ocrx_word' id='word_1_32' title='bbox 179 492 236 523; x_wconf 90' lang='lat' dir='ltr'>est</span> <span class='ocrx_word' id='word_1_33' title='bbox 256 487 295 522; x_wconf 91' lang='lat' dir='ltr'>in</span> <span class='ocrx_word' id='word_1_34' title='bbox 310 488 416 523; x_wconf 86' lang='lat' dir='ltr'>Judae</span> <span class='ocrx_word' id='word_1_35' title='bbox 437 487 615 529; x_wconf 87' lang='lat' dir='ltr'>animam,</span> <span class='ocrx_word' id='word_1_36' title='bbox 638 488 703 530; x_wconf 78' lang='lat' dir='ltr'>qui</span> <span class='ocrx_word' id='word_1_37' title='bbox 721 487 950 528; x_wconf 63' lang='lat' dir='ltr'>connomina-</span> 
     </span>
     <span class='ocr_line' id='line_1_8' title="bbox 180 532 951 578; baseline -0.005 -8"><span class='ocrx_word' id='word_1_38' title='bbox 180 534 287 570; x_wconf 78' lang='lat' dir='ltr'>batur</span> <span class='ocrx_word' id='word_1_39' title='bbox 310 536 514 575; x_wconf 70' lang='lat' dir='ltr'>iscariotes,</span> <span class='ocrx_word' id='word_1_40' title='bbox 543 532 630 578; x_wconf 89' lang='lat' dir='ltr'>quia</span> <span class='ocrx_word' id='word_1_41' title='bbox 655 533 701 567; x_wconf 90' lang='lat' dir='ltr'>de</span> <span class='ocrx_word' id='word_1_42' title='bbox 732 532 820 567; x_wconf 79' lang='lat' dir='ltr'>villa</span> <span class='ocrx_word' id='word_1_43' title='bbox 844 533 951 567; x_wconf 88' lang='lat' dir='ltr'>Isca-</span> 
     </span>
     <span class='ocr_line' id='line_1_9' title="bbox 176 579 950 623; baseline -0.005 -6"><span class='ocrx_word' id='word_1_44' title='bbox 176 580 278 617; x_wconf 90' lang='lat' dir='ltr'>rioth</span> <span class='ocrx_word' id='word_1_45' title='bbox 299 580 369 616; x_wconf 82' lang='lat' dir='ltr'>suit</span> <span class='ocrx_word' id='word_1_46' title='bbox 389 579 586 623; x_wconf 89' lang='lat' dir='ltr'>oriundus,</span> <span class='ocrx_word' id='word_1_47' title='bbox 606 590 716 614; x_wconf 81' lang='lat' dir='ltr'>unum</span> <span class='ocrx_word' id='word_1_48' title='bbox 743 579 786 614; x_wconf 73' lang='lat' dir='ltr'>cle</span> <span class='ocrx_word' id='word_1_49' title='bbox 815 579 950 614; x_wconf 78' lang='lat' dir='ltr'>duode-</span> 
     </span>
     <span class='ocr_line' id='line_1_10' title="bbox 179 625 949 672; baseline -0.005 -8"><span class='ocrx_word' id='word_1_50' title='bbox 179 630 261 664; x_wconf 83' lang='lat' dir='ltr'>cim.</span> <span class='ocrx_word' id='word_1_51' title='bbox 279 628 447 672; x_wconf 78' lang='lat' dir='ltr'>Intravit,</span> <span class='ocrx_word' id='word_1_52' title='bbox 462 629 630 672; x_wconf 88' lang='lat' dir='ltr'>inquam,</span> <span class='ocrx_word' id='word_1_53' title='bbox 644 636 717 661; x_wconf 91' lang='lat' dir='ltr'>non</span> <span class='ocrx_word' id='word_1_54' title='bbox 734 625 949 671; x_wconf 91' lang='lat' dir='ltr'>impellens,</span> 
     </span>
     <span class='ocr_line' id='line_1_11' title="bbox 178 672 949 721; baseline -0.005 -10"><span class='ocrx_word' id='word_1_55' title='bbox 178 675 245 711; x_wconf 89' lang='lat' dir='ltr'>sed</span> <span class='ocrx_word' id='word_1_56' title='bbox 267 675 436 721; x_wconf 90' lang='lat' dir='ltr'>patulum</span> <span class='ocrx_word' id='word_1_57' title='bbox 461 673 656 709; x_wconf 89' lang='lat' dir='ltr'>inveniens</span> <span class='ocrx_word' id='word_1_58' title='bbox 683 672 840 716; x_wconf 82' lang='lat' dir='ltr'>ostium3</span> <span class='ocrx_word' id='word_1_59' title='bbox 864 683 949 708; x_wconf 87' lang='lat' dir='ltr'>nam</span> 
     </span>
     <span class='ocr_line' id='line_1_12' title="bbox 177 718 950 765; baseline -0.004 -7"><span class='ocrx_word' id='word_1_60' title='bbox 177 721 314 758; x_wconf 89' lang='lat' dir='ltr'>oblitus</span> <span class='ocrx_word' id='word_1_61' title='bbox 335 720 503 757; x_wconf 92' lang='lat' dir='ltr'>omnium</span> <span class='ocrx_word' id='word_1_62' title='bbox 527 730 609 765; x_wconf 86' lang='lat' dir='ltr'>quae</span> <span class='ocrx_word' id='word_1_63' title='bbox 640 718 798 765; x_wconf 88' lang='lat' dir='ltr'>viderat,</span> <span class='ocrx_word' id='word_1_64' title='bbox 821 719 868 755; x_wconf 89' lang='lat' dir='ltr'>ad</span> <span class='ocrx_word' id='word_1_65' title='bbox 894 730 950 755; x_wconf 93' lang='lat' dir='ltr'>so·</span> 
     </span>
     <span class='ocr_line' id='line_1_13' title="bbox 173 766 950 812; baseline -0.004 -7"><span class='ocrx_word' id='word_1_66' title='bbox 173 769 250 805; x_wconf 90' lang='lat' dir='ltr'>lam</span> <span class='ocrx_word' id='word_1_67' title='bbox 270 768 467 805; x_wconf 89' lang='lat' dir='ltr'>avaritiam</span> <span class='ocrx_word' id='word_1_68' title='bbox 482 766 668 812; x_wconf 86' lang='lat' dir='ltr'>dirigebat</span> <span class='ocrx_word' id='word_1_69' title='bbox 682 766 879 810; x_wconf 89' lang='lat' dir='ltr'>intuitum;</span> <span class='ocrx_word' id='word_1_70' title='bbox 899 767 950 802; x_wconf 90' lang='lat' dir='ltr'>in-</span> 
     </span>
     <span class='ocr_line' id='line_1_14' title="bbox 174 813 951 860; baseline -0.004 -8"><span class='ocrx_word' id='word_1_71' title='bbox 174 815 289 852; x_wconf 84' lang='lat' dir='ltr'>travit</span> <span class='ocrx_word' id='word_1_72' title='bbox 323 819 462 860; x_wconf 85' lang='lat' dir='ltr'>autem,</span> <span class='ocrx_word' id='word_1_73' title='bbox 483 825 558 850; x_wconf 92' lang='lat' dir='ltr'>non</span> <span class='ocrx_word' id='word_1_74' title='bbox 580 824 649 859; x_wconf 92' lang='lat' dir='ltr'>per</span> <span class='ocrx_word' id='word_1_75' title='bbox 668 813 885 858; x_wconf 73' lang='lat' dir='ltr'>essentiam,</span> <span class='ocrx_word' id='word_1_76' title='bbox 915 816 951 849; x_wconf 87' lang='lat' dir='ltr'>et</span> 
     </span>
     <span class='ocr_line' id='line_1_15' title="bbox 174 859 949 905; baseline -0.004 -6"><span class='ocrx_word' id='word_1_77' title='bbox 174 861 428 899; x_wconf 79' lang='lat' dir='ltr'>essentialiter</span> <span class='ocrx_word' id='word_1_78' title='bbox 458 861 497 897; x_wconf 93' lang='lat' dir='ltr'>in</span> <span class='ocrx_word' id='word_1_79' title='bbox 531 861 695 897; x_wconf 87' lang='lat' dir='ltr'>animam</span> <span class='ocrx_word' id='word_1_80' title='bbox 730 859 918 897; x_wconf 84' lang='lat' dir='ltr'>illabendo</span> <span class='ocrx_word' id='word_1_81' title='bbox 940 888 949 905; x_wconf 90' lang='lat'>‚</span> 
     </span>
     <span class='ocr_line' id='line_1_16' title="bbox 174 908 950 956; baseline -0.004 -10"><span class='ocrx_word' id='word_1_82' title='bbox 174 909 276 956; x_wconf 87' lang='lat' dir='ltr'>quia,</span> <span class='ocrx_word' id='word_1_83' title='bbox 290 910 494 945; x_wconf 89' lang='lat' dir='ltr'>secundum</span> <span class='ocrx_word' id='word_1_84' title='bbox 504 909 766 953; x_wconf 70' lang='lat' dir='ltr'>Auyustz&#39;num,</span> <span class='ocrx_word' id='word_1_85' title='bbox 781 909 832 943; x_wconf 90' lang='lat' dir='ltr'>sic</span> <span class='ocrx_word' id='word_1_86' title='bbox 847 908 950 943; x_wconf 89' lang='lat' dir='ltr'>solus</span> 
     </span>
     <span class='ocr_line' id='line_1_17' title="bbox 175 954 950 1000; baseline -0.004 -7"><span class='ocrx_word' id='word_1_87' title='bbox 175 958 273 993; x_wconf 92' lang='lat' dir='ltr'>Deus</span> <span class='ocrx_word' id='word_1_88' title='bbox 296 956 411 992; x_wconf 84' lang='lat' dir='ltr'>intrat</span> <span class='ocrx_word' id='word_1_89' title='bbox 438 955 477 991; x_wconf 92' lang='lat' dir='ltr'>in</span> <span class='ocrx_word' id='word_1_90' title='bbox 502 956 687 999; x_wconf 89' lang='lat' dir='ltr'>animam,</span> <span class='ocrx_word' id='word_1_91' title='bbox 716 954 778 1000; x_wconf 91' lang='lat' dir='ltr'>qui</span> <span class='ocrx_word' id='word_1_92' title='bbox 809 954 950 990; x_wconf 88' lang='lat' dir='ltr'>creavit</span> 
     </span>
     <span class='ocr_line' id='line_1_18' title="bbox 174 1001 947 1047; baseline -0.004 -7"><span class='ocrx_word' id='word_1_93' title='bbox 174 1014 279 1047; x_wconf 90' lang='lat' dir='ltr'>eam;</span> <span class='ocrx_word' id='word_1_94' title='bbox 303 1003 369 1039; x_wconf 91' lang='lat' dir='ltr'>sed</span> <span class='ocrx_word' id='word_1_95' title='bbox 384 1002 536 1038; x_wconf 83' lang='lat' dir='ltr'>intravit</span> <span class='ocrx_word' id='word_1_96' title='bbox 552 1002 672 1047; x_wconf 87' lang='lat' dir='ltr'>primo</span> <span class='ocrx_word' id='word_1_97' title='bbox 691 1012 757 1047; x_wconf 86' lang='lat' dir='ltr'>per</span> <span class='ocrx_word' id='word_1_98' title='bbox 772 1001 947 1037; x_wconf 79' lang='lat' dir='ltr'>effectum</span> 
     </span>
     <span class='ocr_line' id='line_1_19' title="bbox 177 1048 948 1097; baseline -0.005 -10"><span class='ocrx_word' id='word_1_99' title='bbox 177 1049 443 1097; x_wconf 83' lang='lat' dir='ltr'>suggestionis,</span> <span class='ocrx_word' id='word_1_100' title='bbox 455 1048 710 1085; x_wconf 89' lang='lat' dir='ltr'>venditionem</span> <span class='ocrx_word' id='word_1_101' title='bbox 727 1052 763 1084; x_wconf 92' lang='lat' dir='ltr'>et</span> <span class='ocrx_word' id='word_1_102' title='bbox 774 1048 948 1084; x_wconf 85' lang='lat' dir='ltr'>traditio-</span> 
     </span>
     <span class='ocr_line' id='line_1_20' title="bbox 175 1096 947 1143; baseline -0.005 -9"><span class='ocrx_word' id='word_1_103' title='bbox 175 1108 263 1134; x_wconf 89' lang='lat' dir='ltr'>nem</span> <span class='ocrx_word' id='word_1_104' title='bbox 288 1096 424 1134; x_wconf 89' lang='lat' dir='ltr'>Christi</span> <span class='ocrx_word' id='word_1_105' title='bbox 445 1096 695 1143; x_wconf 85' lang='lat' dir='ltr'>snggerendo‚</span> <span class='ocrx_word' id='word_1_106' title='bbox 713 1098 750 1130; x_wconf 86' lang='lat' dir='ltr'>et</span> <span class='ocrx_word' id='word_1_107' title='bbox 783 1096 947 1131; x_wconf 90' lang='lat' dir='ltr'>secundo</span> 
     </span>
     <span class='ocr_line' id='line_1_21' title="bbox 174 1142 947 1191; baseline -0.003 -11"><span class='ocrx_word' id='word_1_108' title='bbox 174 1147 260 1191; x_wconf 88' lang='lat' dir='ltr'>post</span> <span class='ocrx_word' id='word_1_109' title='bbox 278 1144 470 1180; x_wconf 86' lang='lat' dir='ltr'>buccelam</span> <span class='ocrx_word' id='word_1_110' title='bbox 490 1154 558 1189; x_wconf 87' lang='lat' dir='ltr'>per</span> <span class='ocrx_word' id='word_1_111' title='bbox 572 1142 747 1178; x_wconf 82' lang='lat' dir='ltr'>effectum</span> <span class='ocrx_word' id='word_1_112' title='bbox 769 1142 947 1187; x_wconf 81' lang='lat' dir='ltr'>plenioris</span> 
     </span>
     <span class='ocr_line' id='line_1_22' title="bbox 175 1189 946 1237; baseline -0.004 -10"><span class='ocrx_word' id='word_1_113' title='bbox 175 1190 424 1237; x_wconf 82' lang='lat' dir='ltr'>possessionis</span> <span class='ocrx_word' id='word_1_114' title='bbox 444 1201 529 1226; x_wconf 92' lang='lat' dir='ltr'>eum</span> <span class='ocrx_word' id='word_1_115' title='bbox 554 1200 630 1225; x_wconf 80' lang='lat' dir='ltr'>suae</span> <span class='ocrx_word' id='word_1_116' title='bbox 661 1189 829 1226; x_wconf 89' lang='lat' dir='ltr'>servituti</span> <span class='ocrx_word' id='word_1_117' title='bbox 857 1190 946 1225; x_wconf 90' lang='lat' dir='ltr'>sub-</span> 
     </span>
     <span class='ocr_line' id='line_1_23' title="bbox 174 1236 947 1285; baseline -0.004 -10"><span class='ocrx_word' id='word_1_118' title='bbox 174 1239 349 1285; x_wconf 83' lang='lat' dir='ltr'>iugando.</span> <span class='ocrx_word' id='word_1_119' title='bbox 370 1240 421 1274; x_wconf 85' lang='lat' dir='ltr'>Ex</span> <span class='ocrx_word' id='word_1_120' title='bbox 441 1248 515 1283; x_wconf 89' lang='lat' dir='ltr'>quo</span> <span class='ocrx_word' id='word_1_121' title='bbox 539 1239 643 1283; x_wconf 87' lang='lat' dir='ltr'>patet</span> <span class='ocrx_word' id='word_1_122' title='bbox 665 1237 766 1282; x_wconf 88' lang='lat' dir='ltr'>quod</span> <span class='ocrx_word' id='word_1_123' title='bbox 788 1238 826 1272; x_wconf 89' lang='lat' dir='ltr'>in</span> <span class='ocrx_word' id='word_1_124' title='bbox 845 1236 947 1272; x_wconf 92' lang='lat' dir='ltr'>omni</span> 
     </span>
     <span class='ocr_line' id='line_1_24' title="bbox 171 1283 946 1332; baseline -0.004 -10"><span class='ocrx_word' id='word_1_125' title='bbox 171 1289 324 1332; x_wconf 87' lang='lat' dir='ltr'>peccato</span> <span class='ocrx_word' id='word_1_126' title='bbox 352 1284 500 1321; x_wconf 82' lang='lat' dir='ltr'>mortali</span> <span class='ocrx_word' id='word_1_127' title='bbox 534 1284 706 1320; x_wconf 88' lang='lat' dir='ltr'>diabolus</span> <span class='ocrx_word' id='word_1_128' title='bbox 733 1283 849 1320; x_wconf 90' lang='lat' dir='ltr'>intrat</span> <span class='ocrx_word' id='word_1_129' title='bbox 881 1286 946 1319; x_wconf 86' lang='lat' dir='ltr'>ho-</span> 
     </span>
     <span class='ocr_line' id='line_1_25' title="bbox 173 1331 947 1378; baseline -0.001 -10"><span class='ocrx_word' id='word_1_130' title='bbox 173 1332 326 1377; x_wconf 88' lang='lat' dir='ltr'>minem,</span> <span class='ocrx_word' id='word_1_131' title='bbox 349 1336 391 1368; x_wconf 89' lang='lat' dir='ltr'>ut</span> <span class='ocrx_word' id='word_1_132' title='bbox 417 1331 540 1378; x_wconf 90' lang='lat' dir='ltr'>ipsum</span> <span class='ocrx_word' id='word_1_133' title='bbox 565 1331 688 1367; x_wconf 89' lang='lat' dir='ltr'>denuo</span> <span class='ocrx_word' id='word_1_134' title='bbox 710 1331 767 1367; x_wconf 88' lang='lat' dir='ltr'>vel</span> <span class='ocrx_word' id='word_1_135' title='bbox 788 1331 947 1377; x_wconf 88' lang='lat' dir='ltr'>amplius</span> 
     </span>
     <span class='ocr_line' id='line_1_26' title="bbox 172 1378 945 1426; baseline -0.003 -10"><span class='ocrx_word' id='word_1_136' title='bbox 172 1390 284 1426; x_wconf 82' lang='lat' dir='ltr'>quam</span> <span class='ocrx_word' id='word_1_137' title='bbox 305 1382 392 1416; x_wconf 90' lang='lat' dir='ltr'>ante</span> <span class='ocrx_word' id='word_1_138' title='bbox 425 1378 626 1425; x_wconf 86' lang='lat' dir='ltr'>possideat.</span> <span class='ocrx_word' id='word_1_139' title='bbox 655 1380 751 1413; x_wconf 81' lang='lat' dir='ltr'>Tunc</span> <span class='ocrx_word' id='word_1_140' title='bbox 771 1388 861 1424; x_wconf 89' lang='lat' dir='ltr'>ergo</span> <span class='ocrx_word' id='word_1_141' title='bbox 883 1379 945 1414; x_wconf 87' lang='lat' dir='ltr'>Ju-</span> 
     </span>
     <span class='ocr_line' id='line_1_27' title="bbox 171 1426 946 1471; baseline -0.004 -8"><span class='ocrx_word' id='word_1_142' title='bbox 171 1428 239 1463; x_wconf 89' lang='lat' dir='ltr'>das</span> <span class='ocrx_word' id='word_1_143' title='bbox 260 1426 418 1463; x_wconf 88' lang='lat' dir='ltr'>audiens</span> <span class='ocrx_word' id='word_1_144' title='bbox 439 1437 501 1462; x_wconf 90' lang='lat' dir='ltr'>eos</span> <span class='ocrx_word' id='word_1_145' title='bbox 527 1428 775 1471; x_wconf 81' lang='lat' dir='ltr'>congregatos</span> <span class='ocrx_word' id='word_1_146' title='bbox 801 1426 848 1461; x_wconf 88' lang='lat' dir='ltr'>ad</span> <span class='ocrx_word' id='word_1_147' title='bbox 868 1428 946 1461; x_wconf 92' lang='lat' dir='ltr'>tra-</span> 
     </span>
     <span class='ocr_line' id='line_1_28' title="bbox 171 1472 946 1517; baseline -0.004 -7"><span class='ocrx_word' id='word_1_148' title='bbox 171 1474 347 1510; x_wconf 89' lang='lat' dir='ltr'>ctandum</span> <span class='ocrx_word' id='word_1_149' title='bbox 365 1474 412 1509; x_wconf 87' lang='lat' dir='ltr'>de</span> <span class='ocrx_word' id='word_1_150' title='bbox 433 1472 569 1509; x_wconf 86' lang='lat' dir='ltr'>Christi</span> <span class='ocrx_word' id='word_1_151' title='bbox 596 1476 730 1515; x_wconf 80' lang='lat' dir='ltr'>morte,</span> <span class='ocrx_word' id='word_1_152' title='bbox 750 1472 813 1517; x_wconf 89' lang='lat' dir='ltr'>qui</span> <span class='ocrx_word' id='word_1_153' title='bbox 834 1472 946 1508; x_wconf 88' lang='lat' dir='ltr'>etiam</span> 
     </span>
     <span class='ocr_line' id='line_1_29' title="bbox 175 1519 948 1557; baseline -0.004 0"><span class='ocrx_word' id='word_1_154' title='bbox 175 1520 347 1557; x_wconf 84' lang='lat' dir='ltr'>audierat</span> <span class='ocrx_word' id='word_1_155' title='bbox 367 1531 389 1556; x_wconf 92' lang='lat' dir='ltr'>a</span> <span class='ocrx_word' id='word_1_156' title='bbox 410 1520 557 1556; x_wconf 72' lang='lat' dir='ltr'>Christo</span> <span class='ocrx_word' id='word_1_157' title='bbox 588 1530 627 1555; x_wconf 90' lang='lat' dir='ltr'>se</span> <span class='ocrx_word' id='word_1_158' title='bbox 654 1519 880 1555; x_wconf 90' lang='lat' dir='ltr'>tradendum</span> <span class='ocrx_word' id='word_1_159' title='bbox 907 1522 948 1555; x_wconf 92' lang='lat' dir='ltr'>ut</span> 
     </span>
     <span class='ocr_line' id='line_1_30' title="bbox 175 1565 945 1613; baseline -0.005 -9"><span class='ocrx_word' id='word_1_160' title='bbox 175 1568 458 1613; x_wconf 86' lang='lat' dir='ltr'>crucifigeretur</span> <span class='ocrx_word' id='word_1_161' title='bbox 475 1565 513 1602; x_wconf 92' lang='lat' dir='ltr'>in</span> <span class='ocrx_word' id='word_1_162' title='bbox 528 1565 945 1609; x_wconf 80' lang='lat' dir='ltr'>paschatuncinstanti‚</span> 
     </span>
     <span class='ocr_line' id='line_1_31' title="bbox 176 1612 946 1661; baseline -0.006 -9"><span class='ocrx_word' id='word_1_163' title='bbox 176 1619 213 1651; x_wconf 84' lang='lat' dir='ltr'>et</span> <span class='ocrx_word' id='word_1_164' title='bbox 230 1616 328 1661; x_wconf 85' lang='lat' dir='ltr'>apud</span> <span class='ocrx_word' id='word_1_165' title='bbox 351 1625 390 1650; x_wconf 92' lang='lat' dir='ltr'>se</span> <span class='ocrx_word' id='word_1_166' title='bbox 409 1613 593 1659; x_wconf 86' lang='lat' dir='ltr'>cogitans,</span> <span class='ocrx_word' id='word_1_167' title='bbox 616 1616 652 1648; x_wconf 91' lang='lat' dir='ltr'>et</span> <span class='ocrx_word' id='word_1_168' title='bbox 673 1614 799 1648; x_wconf 86' lang='lat' dir='ltr'>dicens</span> <span class='ocrx_word' id='word_1_169' title='bbox 819 1612 858 1648; x_wconf 92' lang='lat' dir='ltr'>in</span> <span class='ocrx_word' id='word_1_170' title='bbox 868 1623 946 1648; x_wconf 89' lang='lat' dir='ltr'>cor-</span> 
     </span>
     <span class='ocr_line' id='line_1_32' title="bbox 173 1659 945 1707; baseline -0.005 -9"><span class='ocrx_word' id='word_1_171' title='bbox 173 1663 220 1698; x_wconf 88' lang='lat' dir='ltr'>de</span> <span class='ocrx_word' id='word_1_172' title='bbox 242 1674 251 1698; x_wconf 86' lang='lat'>:</span> <span class='ocrx_word' id='word_1_173' title='bbox 274 1664 314 1697; x_wconf 89' lang='lat' dir='ltr'>ln</span> <span class='ocrx_word' id='word_1_174' title='bbox 334 1663 503 1707; x_wconf 86' lang='lat' dir='ltr'>proximo</span> <span class='ocrx_word' id='word_1_175' title='bbox 524 1659 707 1696; x_wconf 88' lang='lat' dir='ltr'>morietur</span> <span class='ocrx_word' id='word_1_176' title='bbox 727 1660 839 1695; x_wconf 90' lang='lat' dir='ltr'>homo</span> <span class='ocrx_word' id='word_1_177' title='bbox 860 1659 945 1705; x_wconf 88' lang='lat' dir='ltr'>iste,</span> 
     </span>
     <span class='ocr_line' id='line_1_33' title="bbox 174 1709 947 1753; baseline -0.005 -8"><span class='ocrx_word' id='word_1_178' title='bbox 174 1712 210 1745; x_wconf 90' lang='lat' dir='ltr'>et</span> <span class='ocrx_word' id='word_1_179' title='bbox 230 1709 277 1744; x_wconf 87' lang='lat' dir='ltr'>ad</span> <span class='ocrx_word' id='word_1_180' title='bbox 293 1710 437 1744; x_wconf 91' lang='lat' dir='ltr'>lucrum</span> <span class='ocrx_word' id='word_1_181' title='bbox 456 1718 579 1743; x_wconf 89' lang='lat' dir='ltr'>meum</span> <span class='ocrx_word' id='word_1_182' title='bbox 597 1717 750 1753; x_wconf 87' lang='lat' dir='ltr'>possum</span> <span class='ocrx_word' id='word_1_183' title='bbox 771 1717 858 1742; x_wconf 92' lang='lat' dir='ltr'>eum</span> <span class='ocrx_word' id='word_1_184' title='bbox 876 1711 947 1742; x_wconf 81' lang='lat' dir='ltr'>tra-</span> 
     </span>
     <span class='ocr_line' id='line_1_34' title="bbox 173 1753 944 1801; baseline -0.005 -9"><span class='ocrx_word' id='word_1_185' title='bbox 173 1756 277 1801; x_wconf 88' lang='lat' dir='ltr'>dere,</span> <span class='ocrx_word' id='word_1_186' title='bbox 298 1757 404 1798; x_wconf 74' lang='lat' dir='ltr'>abiit,</span> <span class='ocrx_word' id='word_1_187' title='bbox 428 1765 450 1790; x_wconf 89' lang='lat' dir='ltr'>a</span> <span class='ocrx_word' id='word_1_188' title='bbox 466 1755 628 1797; x_wconf 86' lang='lat' dir='ltr'>Christo,</span> <span class='ocrx_word' id='word_1_189' title='bbox 653 1757 689 1789; x_wconf 89' lang='lat' dir='ltr'>ct</span> <span class='ocrx_word' id='word_1_190' title='bbox 708 1754 806 1789; x_wconf 85' lang='lat' dir='ltr'>facta</span> <span class='ocrx_word' id='word_1_191' title='bbox 826 1753 944 1789; x_wconf 77' lang='lat' dir='ltr'>sorie-</span> 
     </span>
     <span class='ocr_line' id='line_1_35' title="bbox 172 1800 945 1848; baseline -0.005 -9"><span class='ocrx_word' id='word_1_192' title='bbox 172 1806 262 1848; x_wconf 84' lang='lat' dir='ltr'>tate,</span> <span class='ocrx_word' id='word_1_193' title='bbox 284 1814 360 1838; x_wconf 93' lang='lat' dir='ltr'>non</span> <span class='ocrx_word' id='word_1_194' title='bbox 388 1805 534 1837; x_wconf 89' lang='lat' dir='ltr'>tantum</span> <span class='ocrx_word' id='word_1_195' title='bbox 556 1811 725 1847; x_wconf 75' lang='lat' dir='ltr'>corpore,</span> <span class='ocrx_word' id='word_1_196' title='bbox 747 1800 811 1836; x_wconf 91' lang='lat' dir='ltr'>sed</span> <span class='ocrx_word' id='word_1_197' title='bbox 833 1800 945 1836; x_wconf 91' lang='lat' dir='ltr'>etiam</span> 
     </span>
     <span class='ocr_line' id='line_1_36' title="bbox 170 1850 946 1893; baseline -0.004 -7"><span class='ocrx_word' id='word_1_198' title='bbox 170 1853 295 1886; x_wconf 87' lang='lat' dir='ltr'>mente</span> <span class='ocrx_word' id='word_1_199' title='bbox 319 1850 528 1885; x_wconf 82' lang='lat' dir='ltr'>recedendo</span> <span class='ocrx_word' id='word_1_200' title='bbox 555 1851 592 1884; x_wconf 87' lang='lat' dir='ltr'>et</span> <span class='ocrx_word' id='word_1_201' title='bbox 618 1850 880 1893; x_wconf 76' lang='lat' dir='ltr'>apostatando,</span> <span class='ocrx_word' id='word_1_202' title='bbox 913 1852 946 1884; x_wconf 84' lang='lat' dir='ltr'>et</span> 
     </span>
     <span class='ocr_line' id='line_1_37' title="bbox 169 1894 944 1940; baseline -0.003 -8"><span class='ocrx_word' id='word_1_203' title='bbox 169 1896 324 1933; x_wconf 89' lang='lat' dir='ltr'>veniens</span> <span class='ocrx_word' id='word_1_204' title='bbox 345 1897 391 1932; x_wconf 90' lang='lat' dir='ltr'>ad</span> <span class='ocrx_word' id='word_1_205' title='bbox 413 1895 611 1931; x_wconf 86' lang='lat' dir='ltr'>consilium</span> <span class='ocrx_word' id='word_1_206' title='bbox 627 1894 810 1940; x_wconf 79' lang='lat' dir='ltr'>proditor,</span> <span class='ocrx_word' id='word_1_207' title='bbox 826 1897 879 1930; x_wconf 76' lang='lat' dir='ltr'>uit</span> <span class='ocrx_word' id='word_1_208' title='bbox 898 1896 944 1930; x_wconf 81' lang='lat' dir='ltr'>il-</span> 
     </span>
     <span class='ocr_line' id='line_1_38' title="bbox 169 1942 944 1988; baseline -0.004 -8"><span class='ocrx_word' id='word_1_209' title='bbox 169 1945 216 1980; x_wconf 78' lang='lat' dir='ltr'>lis</span> <span class='ocrx_word' id='word_1_210' title='bbox 233 1957 240 1981; x_wconf 90' lang='grc'>;</span> <span class='ocrx_word' id='word_1_211' title='bbox 259 1944 355 1988; x_wconf 69' lang='lat' dir='ltr'>Quid</span> <span class='ocrx_word' id='word_1_212' title='bbox 367 1945 478 1978; x_wconf 82' lang='lat' dir='ltr'>vultis</span> <span class='ocrx_word' id='word_1_213' title='bbox 494 1944 584 1977; x_wconf 72' lang='lat' dir='ltr'>mihi</span> <span class='ocrx_word' id='word_1_214' title='bbox 600 1943 700 1982; x_wconf 76' lang='lat' dir='ltr'>dare,</span> <span class='ocrx_word' id='word_1_215' title='bbox 717 1947 749 1977; x_wconf 85' lang='lat' dir='ltr'>et</span> <span class='ocrx_word' id='word_1_216' title='bbox 764 1953 826 1986; x_wconf 72' lang='lat' dir='ltr'>eyn</span> <span class='ocrx_word' id='word_1_217' title='bbox 844 1942 944 1977; x_wconf 77' lang='lat' dir='ltr'>vobis</span> 
     </span>
     <span class='ocr_line' id='line_1_39' title="bbox 167 1988 943 2032; baseline -0.003 -5"><span class='ocrx_word' id='word_1_218' title='bbox 167 2002 246 2027; x_wconf 83' lang='lat' dir='ltr'>eum</span> <span class='ocrx_word' id='word_1_219' title='bbox 273 1991 432 2030; x_wconf 76' lang='lat' dir='ltr'>tradam,</span> <span class='ocrx_word' id='word_1_220' title='bbox 459 1990 602 2025; x_wconf 82' lang='lat' dir='ltr'>occulte</span> <span class='ocrx_word' id='word_1_221' title='bbox 630 1988 785 2032; x_wconf 81' lang='lat' dir='ltr'>scilicet,</span> <span class='ocrx_word' id='word_1_222' title='bbox 807 1992 844 2024; x_wconf 88' lang='lat' dir='ltr'>et</span> <span class='ocrx_word' id='word_1_223' title='bbox 863 1988 943 2025; x_wconf 89' lang='lat' dir='ltr'>siue</span> 
     </span>
     <span class='ocr_line' id='line_1_40' title="bbox 167 2035 942 2083; baseline -0.004 -9"><span class='ocrx_word' id='word_1_224' title='bbox 167 2037 357 2083; x_wconf 76' lang='lat' dir='ltr'>strepitu?</span> <span class='ocrx_word' id='word_1_225' title='bbox 376 2036 638 2083; x_wconf 72' lang='lat' dir='ltr'>Etipsiqczvisi</span> <span class='ocrx_word' id='word_1_226' title='bbox 660 2040 757 2079; x_wconf 73' lang='lat' dir='ltr'>sunt,</span> <span class='ocrx_word' id='word_1_227' title='bbox 774 2035 861 2081; x_wconf 79' lang='lat' dir='ltr'>quia</span> <span class='ocrx_word' id='word_1_228' title='bbox 881 2035 942 2072; x_wconf 89' lang='lat' dir='ltr'>ille</span> 
     </span>
     <span class='ocr_line' id='line_1_41' title="bbox 167 2083 942 2130; baseline -0.003 -9"><span class='ocrx_word' id='word_1_229' title='bbox 167 2086 300 2121; x_wconf 90' lang='lat' dir='ltr'>modus</span> <span class='ocrx_word' id='word_1_230' title='bbox 326 2083 498 2130; x_wconf 78' lang='lat' dir='ltr'>capiendi</span> <span class='ocrx_word' id='word_1_231' title='bbox 525 2083 727 2126; x_wconf 84' lang='lat' dir='ltr'>Christum,</span> <span class='ocrx_word' id='word_1_232' title='bbox 750 2093 816 2128; x_wconf 87' lang='lat' dir='ltr'>per</span> <span class='ocrx_word' id='word_1_233' title='bbox 834 2093 942 2119; x_wconf 92' lang='lat' dir='ltr'>suum</span> 
     </span>
     <span class='ocr_line' id='line_1_42' title="bbox 167 2130 939 2178; baseline -0.004 -10"><span class='ocrx_word' id='word_1_234' title='bbox 167 2132 392 2178; x_wconf 86' lang='lat' dir='ltr'>discipulum</span> <span class='ocrx_word' id='word_1_235' title='bbox 417 2131 614 2166; x_wconf 86' lang='lat' dir='ltr'>videbatur</span> <span class='ocrx_word' id='word_1_236' title='bbox 648 2130 766 2176; x_wconf 83' lang='lat' dir='ltr'>magis</span> <span class='ocrx_word' id='word_1_237' title='bbox 801 2140 939 2165; x_wconf 89' lang='lat' dir='ltr'>conve-</span> 
     </span>
     <span class='ocr_line' id='line_1_43' title="bbox 167 2177 943 2223; baseline -0.003 -9"><span class='ocrx_word' id='word_1_238' title='bbox 167 2179 276 2215; x_wconf 80' lang='lat' dir='ltr'>niens</span> <span class='ocrx_word' id='word_1_239' title='bbox 297 2183 333 2214; x_wconf 88' lang='lat' dir='ltr'>et</span> <span class='ocrx_word' id='word_1_240' title='bbox 350 2181 541 2220; x_wconf 44' lang='lat' dir='ltr'>seori—tu&amp;</span> <span class='ocrx_word' id='word_1_241' title='bbox 566 2182 718 2223; x_wconf 76' lang='lat' dir='ltr'>propter</span> <span class='ocrx_word' id='word_1_242' title='bbox 739 2177 838 2222; x_wconf 80' lang='lat' dir='ltr'>quod</span> <span class='ocrx_word' id='word_1_243' title='bbox 865 2187 943 2212; x_wconf 90' lang='lat' dir='ltr'>mu-</span> 
     </span>
     <span class='ocr_line' id='line_1_44' title="bbox 167 2223 939 2270; baseline -0.004 -9"><span class='ocrx_word' id='word_1_244' title='bbox 167 2229 341 2261; x_wconf 79' lang='lat' dir='ltr'>taverunt</span> <span class='ocrx_word' id='word_1_245' title='bbox 365 2224 559 2260; x_wconf 88' lang='lat' dir='ltr'>consilium</span> <span class='ocrx_word' id='word_1_246' title='bbox 587 2223 821 2270; x_wconf 83' lang='lat' dir='ltr'>praedictum,</span> <span class='ocrx_word' id='word_1_247' title='bbox 841 2223 939 2259; x_wconf 87' lang='lat' dir='ltr'>scili-</span> 
     </span>
     <span class='ocr_line' id='line_1_45' title="bbox 167 2271 940 2316; baseline -0.004 -8"><span class='ocrx_word' id='word_1_248' title='bbox 167 2276 225 2308; x_wconf 87' lang='lat' dir='ltr'>cet</span> <span class='ocrx_word' id='word_1_249' title='bbox 251 2274 297 2308; x_wconf 90' lang='lat' dir='ltr'>de</span> <span class='ocrx_word' id='word_1_250' title='bbox 325 2272 534 2307; x_wconf 73' lang='lat' dir='ltr'>diss&#39;‹›renda</span> <span class='ocrx_word' id='word_1_251' title='bbox 560 2277 676 2306; x_wconf 79' lang='lat' dir='ltr'>morte</span> <span class='ocrx_word' id='word_1_252' title='bbox 704 2271 795 2316; x_wconf 77' lang='lat' dir='ltr'>eju-,</span> <span class='ocrx_word' id='word_1_253' title='bbox 825 2282 940 2316; x_wconf 85' lang='lat' dir='ltr'>usque</span> 
     </span>
     <span class='ocr_line' id='line_1_46' title="bbox 166 2316 938 2365; baseline -0.003 -10"><span class='ocrx_word' id='word_1_254' title='bbox 166 2323 249 2365; x_wconf 79' lang='lat' dir='ltr'>post</span> <span class='ocrx_word' id='word_1_255' title='bbox 285 2321 432 2355; x_wconf 71' lang='lat' dir='ltr'>festum.</span> <span class='ocrx_word' id='word_1_256' title='bbox 464 2319 556 2361; x_wconf 84' lang='lat' dir='ltr'>Quia</span> <span class='ocrx_word' id='word_1_257' title='bbox 583 2317 682 2353; x_wconf 87' lang='lat' dir='ltr'>enim</span> <span class='ocrx_word' id='word_1_258' title='bbox 717 2316 938 2353; x_wconf 67' lang='lat' dir='ltr'>traditorem</span> 
     </span>
     <span class='ocr_line' id='line_1_47' title="bbox 166 2365 938 2409; baseline -0.001 -8"><span class='ocrx_word' id='word_1_259' title='bbox 166 2367 405 2409; x_wconf 71' lang='lat' dir='ltr'>invenerunt,</span> <span class='ocrx_word' id='word_1_260' title='bbox 439 2367 475 2400; x_wconf 89' lang='lat' dir='ltr'>in</span> <span class='ocrx_word' id='word_1_261' title='bbox 502 2365 581 2409; x_wconf 75' lang='lat' dir='ltr'>ipsa</span> <span class='ocrx_word' id='word_1_262' title='bbox 603 2366 801 2399; x_wconf 69' lang='lat' dir='ltr'>festivitate</span> <span class='ocrx_word' id='word_1_263' title='bbox 824 2365 938 2400; x_wconf 82' lang='lat' dir='ltr'>Chri-</span> 
     </span>
     <span class='ocr_line' id='line_1_48' title="bbox 164 2413 939 2455; baseline -0.004 -6"><span class='ocrx_word' id='word_1_264' title='bbox 164 2417 261 2449; x_wconf 87' lang='lat' dir='ltr'>stum</span> <span class='ocrx_word' id='word_1_265' title='bbox 290 2413 522 2448; x_wconf 84' lang='lat' dir='ltr'>occideruut.</span> <span class='ocrx_word' id='word_1_266' title='bbox 543 2413 617 2447; x_wconf 90' lang='lat' dir='ltr'>Hoc</span> <span class='ocrx_word' id='word_1_267' title='bbox 637 2416 776 2455; x_wconf 88' lang='lat' dir='ltr'>autem,</span> <span class='ocrx_word' id='word_1_268' title='bbox 797 2423 939 2447; x_wconf 65' lang='lat' dir='ltr'>secun-</span> 
     </span>
     <span class='ocr_line' id='line_1_49' title="bbox 164 2458 937 2503; baseline -0.004 -7"><span class='ocrx_word' id='word_1_269' title='bbox 164 2461 253 2496; x_wconf 91' lang='lat' dir='ltr'>dum</span> <span class='ocrx_word' id='word_1_270' title='bbox 273 2463 423 2496; x_wconf 78' lang='lat' dir='ltr'>Leonem</span> <span class='ocrx_word' id='word_1_271' title='bbox 457 2459 611 2503; x_wconf 55' lang='lat' dir='ltr'>Papam,</span> <span class='ocrx_word' id='word_1_272' title='bbox 637 2458 762 2493; x_wconf 83' lang='lat' dir='ltr'>divino</span> <span class='ocrx_word' id='word_1_273' title='bbox 793 2458 937 2493; x_wconf 87' lang='lat' dir='ltr'>intelli-</span> 
     </span>
     <span class='ocr_line' id='line_1_50' title="bbox 164 2505 936 2554; baseline -0.003 -11"><span class='ocrx_word' id='word_1_274' title='bbox 164 2510 286 2554; x_wconf 76' lang='lat' dir='ltr'>gimus</span> <span class='ocrx_word' id='word_1_275' title='bbox 317 2505 537 2552; x_wconf 60' lang='lat' dir='ltr'>dispositum</span> <span class='ocrx_word' id='word_1_276' title='bbox 565 2507 677 2540; x_wconf 82' lang='lat' dir='ltr'>l&#39;uissc</span> <span class='ocrx_word' id='word_1_277' title='bbox 702 2506 870 2541; x_wconf 81' lang='lat' dir='ltr'>consilio.</span> <span class='ocrx_word' id='word_1_278' title='bbox 894 2507 936 2541; x_wconf 93' lang='lat' dir='ltr'>O-</span> 
     </span>
     <span class='ocr_line' id='line_1_51' title="bbox 162 2552 934 2601; baseline -0.005 -10"><span class='ocrx_word' id='word_1_279' title='bbox 162 2553 445 2601; x_wconf 87' lang='lat' dir='ltr'>portebatenim</span> <span class='ocrx_word' id='word_1_280' title='bbox 456 2557 495 2588; x_wconf 90' lang='lat' dir='ltr'>ut</span> <span class='ocrx_word' id='word_1_281' title='bbox 509 2552 707 2587; x_wconf 70' lang='lat' dir='ltr'>manifesto</span> <span class='ocrx_word' id='word_1_282' title='bbox 730 2552 934 2598; x_wconf 78' lang='lat' dir='ltr'>impleren-</span> 
     </span>
     <span class='ocr_line' id='line_1_52' title="bbox 161 2599 933 2645; baseline -0.003 -8"><span class='ocrx_word' id='word_1_283' title='bbox 161 2606 222 2638; x_wconf 86' lang='lat' dir='ltr'>tur</span> <span class='ocrx_word' id='word_1_284' title='bbox 242 2602 391 2645; x_wconf 80' lang='lat' dir='ltr'>effectu,</span> <span class='ocrx_word' id='word_1_285' title='bbox 416 2610 500 2645; x_wconf 83' lang='lat' dir='ltr'>quae</span> <span class='ocrx_word' id='word_1_286' title='bbox 521 2599 584 2634; x_wconf 80' lang='lat' dir='ltr'>diu</span> <span class='ocrx_word' id='word_1_287' title='bbox 606 2602 765 2644; x_wconf 80' lang='lat' dir='ltr'>ligurato</span> <span class='ocrx_word' id='word_1_288' title='bbox 784 2601 933 2635; x_wconf 76' lang='lat' dir='ltr'>fuerant</span> 
     </span>
     <span class='ocr_line' id='line_1_53' title="bbox 160 2647 932 2694; baseline -0.004 -9"><span class='ocrx_word' id='word_1_289' title='bbox 160 2649 346 2694; x_wconf 88' lang='lat' dir='ltr'>promissa</span> <span class='ocrx_word' id='word_1_290' title='bbox 365 2647 557 2694; x_wconf 78' lang='lat' dir='ltr'>mysterio.</span> <span class='ocrx_word' id='word_1_291' title='bbox 582 2647 626 2681; x_wconf 89' lang='lat' dir='ltr'>Et</span> <span class='ocrx_word' id='word_1_292' title='bbox 649 2647 788 2691; x_wconf 82' lang='lat' dir='ltr'>pepigit</span> <span class='ocrx_word' id='word_1_293' title='bbox 817 2648 932 2682; x_wconf 86' lang='lat' dir='ltr'>Judas</span> 
     </span>
     <span class='ocr_line' id='line_1_54' title="bbox 159 2693 930 2738; baseline -0.006 -6"><span class='ocrx_word' id='word_1_294' title='bbox 159 2707 243 2732; x_wconf 92' lang='lat' dir='ltr'>cum</span> <span class='ocrx_word' id='word_1_295' title='bbox 270 2695 324 2732; x_wconf 89' lang='lat' dir='ltr'>eis</span> <span class='ocrx_word' id='word_1_296' title='bbox 349 2695 394 2730; x_wconf 89' lang='lat' dir='ltr'>de</span> <span class='ocrx_word' id='word_1_297' title='bbox 411 2693 557 2731; x_wconf 85' lang='lat' dir='ltr'>Christo</span> <span class='ocrx_word' id='word_1_298' title='bbox 580 2693 761 2728; x_wconf 86' lang='lat' dir='ltr'>tradendo</span> <span class='ocrx_word' id='word_1_299' title='bbox 784 2704 849 2738; x_wconf 87' lang='lat' dir='ltr'>pro</span> <span class='ocrx_word' id='word_1_300' title='bbox 864 2693 930 2728; x_wconf 87' lang='lat' dir='ltr'>tri-</span> 
     </span>
     <span class='ocr_line' id='line_1_55' title="bbox 156 2740 931 2790; baseline -0.004 -11"><span class='ocrx_word' id='word_1_301' title='bbox 156 2745 263 2790; x_wconf 86' lang='lat' dir='ltr'>ginta</span> <span class='ocrx_word' id='word_1_302' title='bbox 281 2740 469 2789; x_wconf 79' lang='lat' dir='ltr'>argenteis</span> <span class='ocrx_word' id='word_1_303' title='bbox 494 2741 566 2776; x_wconf 82' lang='lat' dir='ltr'>:At</span> <span class='ocrx_word' id='word_1_304' title='bbox 584 2741 645 2775; x_wconf 78' lang='lat' dir='ltr'><em>illi</em></span> <span class='ocrx_word' id='word_1_305' title='bbox 664 2741 931 2776; x_wconf 74' lang='lat' dir='ltr'>constituerunt</span> 
     </span>
     <span class='ocr_line' id='line_1_56' title="bbox 156 2786 927 2838; baseline -0.004 -13"><span class='ocrx_word' id='word_1_306' title='bbox 156 2792 190 2827; x_wconf 80' lang='lat' dir='ltr'>ei</span> <span class='ocrx_word' id='word_1_307' title='bbox 220 2791 377 2838; x_wconf 71' lang='lat' dir='ltr'>triyinta</span> <span class='ocrx_word' id='word_1_308' title='bbox 407 2791 606 2835; x_wconf 62' lang='lat' dir='ltr'>argenteos,</span> <span class='ocrx_word' id='word_1_309' title='bbox 634 2786 733 2823; x_wconf 88' lang='lat' dir='ltr'>idem</span> <span class='ocrx_word' id='word_1_310' title='bbox 766 2786 927 2832; x_wconf 87' lang='lat' dir='ltr'>pretium</span> 
     </span>
    </p>
   </div>
   <div class='ocr_carea' id='block_1_3' title="bbox 997 245 1803 2835">
    <p class='ocr_par' dir='ltr' id='par_1_4' title="bbox 997 245 1803 2835">
     <span class='ocr_line' id='line_1_57' title="bbox 1031 245 1799 293; baseline -0.004 -9"><span class='ocrx_word' id='word_1_311' title='bbox 1031 257 1104 293; x_wconf 86' lang='lat' dir='ltr'>quo</span> <span class='ocrx_word' id='word_1_312' title='bbox 1129 247 1269 293; x_wconf 89' lang='lat' dir='ltr'>Joseph</span> <span class='ocrx_word' id='word_1_313' title='bbox 1294 246 1468 283; x_wconf 86' lang='lat' dir='ltr'>venditus</span> <span class='ocrx_word' id='word_1_314' title='bbox 1494 248 1549 281; x_wconf 88' lang='lat' dir='ltr'>est</span> <span class='ocrx_word' id='word_1_315' title='bbox 1574 255 1596 282; x_wconf 88' lang='lat' dir='ltr'>a</span> <span class='ocrx_word' id='word_1_316' title='bbox 1622 245 1799 281; x_wconf 80' lang='lat' dir='ltr'>tratribus</span> 
     </span>
     <span class='ocr_line' id='line_1_58' title="bbox 1030 291 1798 337; baseline -0.003 -8"><span class='ocrx_word' id='word_1_317' title='bbox 1030 295 1104 330; x_wconf 90' lang='lat' dir='ltr'>suis</span> <span class='ocrx_word' id='word_1_318' title='bbox 1122 305 1130 330; x_wconf 90' lang='lat'>:</span> <span class='ocrx_word' id='word_1_319' title='bbox 1154 295 1191 330; x_wconf 92' lang='lat' dir='ltr'>in</span> <span class='ocrx_word' id='word_1_320' title='bbox 1212 293 1426 330; x_wconf 81' lang='lat' dir='ltr'>venditione</span> <span class='ocrx_word' id='word_1_321' title='bbox 1446 291 1545 328; x_wconf 87' lang='lat' dir='ltr'>enim</span> <span class='ocrx_word' id='word_1_322' title='bbox 1558 293 1695 337; x_wconf 89' lang='lat' dir='ltr'>Joseph</span> <span class='ocrx_word' id='word_1_323' title='bbox 1707 302 1798 337; x_wconf 86' lang='lat' dir='ltr'>prae-</span> 
     </span>
     <span class='ocr_line' id='line_1_59' title="bbox 1031 339 1800 387; baseline -0.001 -11"><span class='ocrx_word' id='word_1_324' title='bbox 1031 341 1192 387; x_wconf 86' lang='lat' dir='ltr'>figurata</span> <span class='ocrx_word' id='word_1_325' title='bbox 1225 341 1294 376; x_wconf 83' lang='lat' dir='ltr'>fuit</span> <span class='ocrx_word' id='word_1_326' title='bbox 1326 339 1488 376; x_wconf 89' lang='lat' dir='ltr'>venditio</span> <span class='ocrx_word' id='word_1_327' title='bbox 1513 339 1662 376; x_wconf 84' lang='lat' dir='ltr'>Christi.</span> <span class='ocrx_word' id='word_1_328' title='bbox 1682 339 1800 375; x_wconf 90' lang='lat' dir='ltr'>Judas</span> 
     </span>
     <span class='ocr_line' id='line_1_60' title="bbox 1030 385 1801 435; baseline -0.003 -11"><span class='ocrx_word' id='word_1_329' title='bbox 1030 390 1077 424; x_wconf 89' lang='lat' dir='ltr'>ad</span> <span class='ocrx_word' id='word_1_330' title='bbox 1103 388 1414 435; x_wconf 74' lang='lat' dir='ltr'>congregationes</span> <span class='ocrx_word' id='word_1_331' title='bbox 1436 387 1502 422; x_wconf 92' lang='lat' dir='ltr'>ivit</span> <span class='ocrx_word' id='word_1_332' title='bbox 1527 386 1590 422; x_wconf 90' lang='lat' dir='ltr'>ubi</span> <span class='ocrx_word' id='word_1_333' title='bbox 1614 385 1801 422; x_wconf 88' lang='lat' dir='ltr'>Christum</span> 
     </span>
     <span class='ocr_line' id='line_1_61' title="bbox 1029 434 1800 479; baseline -0.004 -8"><span class='ocrx_word' id='word_1_334' title='bbox 1029 435 1220 479; x_wconf 84' lang='lat' dir='ltr'>vendidit;</span> <span class='ocrx_word' id='word_1_335' title='bbox 1244 435 1296 470; x_wconf 87' lang='lat' dir='ltr'>sic</span> <span class='ocrx_word' id='word_1_336' title='bbox 1316 434 1422 470; x_wconf 92' lang='lat' dir='ltr'>multi</span> <span class='ocrx_word' id='word_1_337' title='bbox 1445 435 1490 470; x_wconf 88' lang='lat' dir='ltr'>ad</span> <span class='ocrx_word' id='word_1_338' title='bbox 1504 435 1716 479; x_wconf 87' lang='lat' dir='ltr'>spectacula</span> <span class='ocrx_word' id='word_1_339' title='bbox 1736 443 1800 469; x_wconf 85' lang='lat' dir='ltr'>va-</span> 
     </span>
     <span class='ocr_line' id='line_1_62' title="bbox 1031 480 1803 527; baseline -0.003 -9"><span class='ocrx_word' id='word_1_340' title='bbox 1031 483 1137 527; x_wconf 90' lang='lat' dir='ltr'>dunt,</span> <span class='ocrx_word' id='word_1_341' title='bbox 1161 483 1224 519; x_wconf 93' lang='lat' dir='ltr'>ubi</span> <span class='ocrx_word' id='word_1_342' title='bbox 1246 483 1430 518; x_wconf 85' lang='lat' dir='ltr'>Christum</span> <span class='ocrx_word' id='word_1_343' title='bbox 1458 492 1523 526; x_wconf 91' lang='lat' dir='ltr'>pro</span> <span class='ocrx_word' id='word_1_344' title='bbox 1545 480 1693 517; x_wconf 88' lang='lat' dir='ltr'>modica</span> <span class='ocrx_word' id='word_1_345' title='bbox 1716 484 1803 516; x_wconf 89' lang='lat' dir='ltr'>ten-</span> 
     </span>
     <span class='ocr_line' id='line_1_63' title="bbox 1029 527 1803 572; baseline -0.001 -8"><span class='ocrx_word' id='word_1_346' title='bbox 1029 529 1172 565; x_wconf 90' lang='lat' dir='ltr'>tatione</span> <span class='ocrx_word' id='word_1_347' title='bbox 1189 534 1225 564; x_wconf 87' lang='lat' dir='ltr'>et</span> <span class='ocrx_word' id='word_1_348' title='bbox 1249 530 1396 565; x_wconf 88' lang='lat' dir='ltr'>modico</span> <span class='ocrx_word' id='word_1_349' title='bbox 1419 527 1538 572; x_wconf 83' lang='lat' dir='ltr'>pretio</span> <span class='ocrx_word' id='word_1_350' title='bbox 1560 528 1738 564; x_wconf 83' lang='lat' dir='ltr'>vendunt.</span> <span class='ocrx_word' id='word_1_351' title='bbox 1761 528 1803 564; x_wconf 89' lang='lat'>1-</span> 
     </span>
     <span class='ocr_line' id='line_1_64' title="bbox 1029 574 1801 622; baseline -0.003 -10"><span class='ocrx_word' id='word_1_352' title='bbox 1029 587 1093 622; x_wconf 88' lang='lat' dir='ltr'>pse</span> <span class='ocrx_word' id='word_1_353' title='bbox 1115 575 1218 612; x_wconf 88' lang='lat' dir='ltr'>dedit</span> <span class='ocrx_word' id='word_1_354' title='bbox 1237 586 1305 622; x_wconf 88' lang='lat' dir='ltr'>pro</span> <span class='ocrx_word' id='word_1_355' title='bbox 1332 574 1489 620; x_wconf 86' lang='lat' dir='ltr'>triginta</span> <span class='ocrx_word' id='word_1_356' title='bbox 1509 575 1711 622; x_wconf 84' lang='lat' dir='ltr'>argenteis,</span> <span class='ocrx_word' id='word_1_357' title='bbox 1735 574 1801 610; x_wconf 90' lang='lat' dir='ltr'>sed</span> 
     </span>
     <span class='ocr_line' id='line_1_65' title="bbox 1029 621 1803 669; baseline -0.001 -10"><span class='ocrx_word' id='word_1_358' title='bbox 1029 628 1244 669; x_wconf 70' lang='lat' dir='ltr'>peccatores</span> <span class='ocrx_word' id='word_1_359' title='bbox 1272 623 1362 658; x_wconf 85' lang='lat' dir='ltr'>dant</span> <span class='ocrx_word' id='word_1_360' title='bbox 1388 632 1487 668; x_wconf 82' lang='lat' dir='ltr'>saepe</span> <span class='ocrx_word' id='word_1_361' title='bbox 1507 632 1574 668; x_wconf 92' lang='lat' dir='ltr'>pro</span> <span class='ocrx_word' id='word_1_362' title='bbox 1598 622 1715 667; x_wconf 88' lang='lat' dir='ltr'>pretio</span> <span class='ocrx_word' id='word_1_363' title='bbox 1734 621 1803 658; x_wconf 90' lang='lat' dir='ltr'>mi-</span> 
     </span>
     <span class='ocr_line' id='line_1_66' title="bbox 1030 668 1803 715; baseline -0.001 -9"><span class='ocrx_word' id='word_1_364' title='bbox 1030 670 1125 706; x_wconf 88' lang='lat' dir='ltr'>nori.</span> <span class='ocrx_word' id='word_1_365' title='bbox 1148 671 1215 706; x_wconf 87' lang='lat' dir='ltr'>Ubi</span> <span class='ocrx_word' id='word_1_366' title='bbox 1236 668 1326 705; x_wconf 85' lang='lat' dir='ltr'>dicit</span> <span class='ocrx_word' id='word_1_367' title='bbox 1352 670 1451 705; x_wconf 90' lang='lat' dir='ltr'>idem</span> <span class='ocrx_word' id='word_1_368' title='bbox 1471 671 1538 704; x_wconf 86' lang='lat' dir='ltr'>Leo</span> <span class='ocrx_word' id='word_1_369' title='bbox 1563 671 1678 715; x_wconf 86' lang='lat' dir='ltr'>Papa,</span> <span class='ocrx_word' id='word_1_370' title='bbox 1703 669 1803 715; x_wconf 86' lang='lat' dir='ltr'>quod</span> 
     </span>
     <span class='ocr_line' id='line_1_67' title="bbox 1029 716 1801 762; baseline -0.001 -9"><span class='ocrx_word' id='word_1_371' title='bbox 1029 717 1156 753; x_wconf 84' lang='lat' dir='ltr'>anima</span> <span class='ocrx_word' id='word_1_372' title='bbox 1176 716 1271 752; x_wconf 91' lang='lat' dir='ltr'>lucri</span> <span class='ocrx_word' id='word_1_373' title='bbox 1290 716 1425 762; x_wconf 87' lang='lat' dir='ltr'>cupida</span> <span class='ocrx_word' id='word_1_374' title='bbox 1447 716 1559 752; x_wconf 89' lang='lat' dir='ltr'>etiam</span> <span class='ocrx_word' id='word_1_375' title='bbox 1580 727 1647 762; x_wconf 88' lang='lat' dir='ltr'>pro</span> <span class='ocrx_word' id='word_1_376' title='bbox 1669 719 1801 762; x_wconf 78' lang='lat' dir='ltr'>exiguo</span> 
     </span>
     <span class='ocr_line' id='line_1_68' title="bbox 1029 762 1800 810; baseline 0 -11"><span class='ocrx_word' id='word_1_377' title='bbox 1029 763 1151 810; x_wconf 90' lang='lat' dir='ltr'>perire</span> <span class='ocrx_word' id='word_1_378' title='bbox 1172 774 1248 799; x_wconf 91' lang='lat' dir='ltr'>non</span> <span class='ocrx_word' id='word_1_379' title='bbox 1268 763 1416 808; x_wconf 85' lang='lat' dir='ltr'>metuit,</span> <span class='ocrx_word' id='word_1_380' title='bbox 1439 764 1660 809; x_wconf 88' lang='lat' dir='ltr'>nullumque</span> <span class='ocrx_word' id='word_1_381' title='bbox 1679 762 1717 799; x_wconf 92' lang='lat' dir='ltr'>in</span> <span class='ocrx_word' id='word_1_382' title='bbox 1736 763 1800 799; x_wconf 88' lang='lat' dir='ltr'>illo</span> 
     </span>
     <span class='ocr_line' id='line_1_69' title="bbox 1029 810 1801 857; baseline -0.001 -10"><span class='ocrx_word' id='word_1_383' title='bbox 1029 811 1142 847; x_wconf 90' lang='lat' dir='ltr'>corde</span> <span class='ocrx_word' id='word_1_384' title='bbox 1165 815 1222 846; x_wconf 88' lang='lat' dir='ltr'>est</span> <span class='ocrx_word' id='word_1_385' title='bbox 1251 810 1410 857; x_wconf 86' lang='lat' dir='ltr'>justitiae</span> <span class='ocrx_word' id='word_1_386' title='bbox 1433 810 1646 857; x_wconf 86' lang='lat' dir='ltr'>vestigium,</span> <span class='ocrx_word' id='word_1_387' title='bbox 1666 811 1705 846; x_wconf 90' lang='lat' dir='ltr'>in</span> <span class='ocrx_word' id='word_1_388' title='bbox 1727 820 1801 856; x_wconf 89' lang='lat' dir='ltr'>quo</span> 
     </span>
     <span class='ocr_line' id='line_1_70' title="bbox 1027 856 1800 894; baseline 0 -1"><span class='ocrx_word' id='word_1_389' title='bbox 1027 858 1097 894; x_wconf 88' lang='lat' dir='ltr'>sibi</span> <span class='ocrx_word' id='word_1_390' title='bbox 1120 857 1279 894; x_wconf 85' lang='lat' dir='ltr'>avaritia</span> <span class='ocrx_word' id='word_1_391' title='bbox 1307 856 1393 893; x_wconf 87' lang='lat' dir='ltr'>fecit</span> <span class='ocrx_word' id='word_1_392' title='bbox 1412 858 1680 894; x_wconf 89' lang='lat' dir='ltr'>habitaculum.</span> <span class='ocrx_word' id='word_1_393' title='bbox 1703 857 1800 893; x_wconf 79' lang='lat' dir='ltr'>Infe-</span> 
     </span>
     <span class='ocr_line' id='line_1_71' title="bbox 1029 903 1802 950; baseline 0.001 -10"><span class='ocrx_word' id='word_1_394' title='bbox 1029 905 1076 941; x_wconf 85' lang='lat' dir='ltr'>lix</span> <span class='ocrx_word' id='word_1_395' title='bbox 1099 908 1287 941; x_wconf 84' lang='lat' dir='ltr'>mercator</span> <span class='ocrx_word' id='word_1_396' title='bbox 1303 905 1434 949; x_wconf 85' lang='lat' dir='ltr'>Judas,</span> <span class='ocrx_word' id='word_1_397' title='bbox 1458 904 1521 950; x_wconf 91' lang='lat' dir='ltr'>qui</span> <span class='ocrx_word' id='word_1_398' title='bbox 1538 908 1686 941; x_wconf 87' lang='lat' dir='ltr'>tantum</span> <span class='ocrx_word' id='word_1_399' title='bbox 1697 903 1802 941; x_wconf 87' lang='lat' dir='ltr'>dedit</span> 
     </span>
     <span class='ocr_line' id='line_1_72' title="bbox 1028 953 1801 999; baseline 0 -11"><span class='ocrx_word' id='word_1_400' title='bbox 1028 963 1094 999; x_wconf 88' lang='lat' dir='ltr'>pro</span> <span class='ocrx_word' id='word_1_401' title='bbox 1116 955 1235 997; x_wconf 89' lang='lat' dir='ltr'>tanto,</span> <span class='ocrx_word' id='word_1_402' title='bbox 1258 953 1376 988; x_wconf 87' lang='lat' dir='ltr'>Deum</span> <span class='ocrx_word' id='word_1_403' title='bbox 1400 963 1465 997; x_wconf 88' lang='lat' dir='ltr'>pro</span> <span class='ocrx_word' id='word_1_404' title='bbox 1486 962 1652 996; x_wconf 89' lang='lat' dir='ltr'>numm0‚</span> <span class='ocrx_word' id='word_1_405' title='bbox 1671 961 1801 988; x_wconf 87' lang='lat' dir='ltr'>verum</span> 
     </span>
     <span class='ocr_line' id='line_1_73' title="bbox 1030 998 1798 1045; baseline -0.001 -10"><span class='ocrx_word' id='word_1_406' title='bbox 1030 1011 1094 1045; x_wconf 89' lang='lat' dir='ltr'>pro</span> <span class='ocrx_word' id='word_1_407' title='bbox 1121 1011 1233 1044; x_wconf 86' lang='lat' dir='ltr'>van0‚</span> <span class='ocrx_word' id='word_1_408' title='bbox 1256 1003 1439 1035; x_wconf 83' lang='lat' dir='ltr'>aeternum</span> <span class='ocrx_word' id='word_1_409' title='bbox 1465 1009 1531 1045; x_wconf 91' lang='lat' dir='ltr'>pro</span> <span class='ocrx_word' id='word_1_410' title='bbox 1559 998 1798 1035; x_wconf 75' lang='lat' dir='ltr'>transitorio!</span> 
     </span>
     <span class='ocr_line' id='line_1_74' title="bbox 997 1046 1802 1090; baseline 0 -7"><span class='ocrx_word' id='word_1_411' title='bbox 997 1046 1120 1090; x_wconf 71' lang='lat' dir='ltr'>oQuia</span> <span class='ocrx_word' id='word_1_412' title='bbox 1143 1046 1243 1083; x_wconf 90' lang='lat' dir='ltr'>enim</span> <span class='ocrx_word' id='word_1_413' title='bbox 1269 1046 1439 1082; x_wconf 86' lang='lat' dir='ltr'>audierat</span> <span class='ocrx_word' id='word_1_414' title='bbox 1465 1046 1665 1082; x_wconf 89' lang='lat' dir='ltr'>Dominum</span> <span class='ocrx_word' id='word_1_415' title='bbox 1690 1047 1802 1083; x_wconf 86' lang='lat' dir='ltr'>tertia</span> 
     </span>
     <span class='ocr_line' id='line_1_75' title="bbox 1027 1093 1800 1138; baseline 0.001 -9"><span class='ocrx_word' id='word_1_416' title='bbox 1027 1094 1085 1130; x_wconf 88' lang='lat' dir='ltr'>die</span> <span class='ocrx_word' id='word_1_417' title='bbox 1108 1095 1347 1138; x_wconf 85' lang='lat' dir='ltr'>moriturum,</span> <span class='ocrx_word' id='word_1_418' title='bbox 1369 1096 1406 1129; x_wconf 90' lang='lat' dir='ltr'>et</span> <span class='ocrx_word' id='word_1_419' title='bbox 1425 1104 1509 1129; x_wconf 89' lang='lat' dir='ltr'>eum</span> <span class='ocrx_word' id='word_1_420' title='bbox 1536 1093 1575 1129; x_wconf 93' lang='lat' dir='ltr'>in</span> <span class='ocrx_word' id='word_1_421' title='bbox 1595 1096 1714 1130; x_wconf 91' lang='lat' dir='ltr'>morte</span> <span class='ocrx_word' id='word_1_422' title='bbox 1735 1093 1800 1130; x_wconf 87' lang='lat' dir='ltr'>de-</span> 
     </span>
     <span class='ocr_line' id='line_1_76' title="bbox 1025 1141 1801 1187; baseline 0.001 -11"><span class='ocrx_word' id='word_1_423' title='bbox 1025 1141 1137 1176; x_wconf 89' lang='lat' dir='ltr'>tineri</span> <span class='ocrx_word' id='word_1_424' title='bbox 1171 1141 1328 1187; x_wconf 87' lang='lat' dir='ltr'>putavit,</span> <span class='ocrx_word' id='word_1_425' title='bbox 1347 1144 1508 1176; x_wconf 90' lang='lat' dir='ltr'>mortem</span> <span class='ocrx_word' id='word_1_426' title='bbox 1540 1141 1801 1177; x_wconf 84' lang='lat' dir='ltr'>imminentem</span> 
     </span>
     <span class='ocr_line' id='line_1_77' title="bbox 1026 1187 1801 1224; baseline 0.001 -1"><span class='ocrx_word' id='word_1_427' title='bbox 1026 1187 1246 1224; x_wconf 84' lang='lat' dir='ltr'>lucrativam</span> <span class='ocrx_word' id='word_1_428' title='bbox 1281 1188 1351 1224; x_wconf 86' lang='lat' dir='ltr'>sibi</span> <span class='ocrx_word' id='word_1_429' title='bbox 1388 1188 1512 1223; x_wconf 85' lang='lat' dir='ltr'>facere</span> <span class='ocrx_word' id='word_1_430' title='bbox 1547 1187 1677 1224; x_wconf 84' lang='lat' dir='ltr'>voluit.</span> <span class='ocrx_word' id='word_1_431' title='bbox 1708 1189 1801 1224; x_wconf 90' lang='lat' dir='ltr'>Cum</span> 
     </span>
     <span class='ocr_line' id='line_1_78' title="bbox 1027 1234 1802 1280; baseline 0.001 -10"><span class='ocrx_word' id='word_1_432' title='bbox 1027 1235 1126 1270; x_wconf 89' lang='lat' dir='ltr'>enim</span> <span class='ocrx_word' id='word_1_433' title='bbox 1152 1238 1250 1271; x_wconf 87' lang='lat' dir='ltr'>esset</span> <span class='ocrx_word' id='word_1_434' title='bbox 1281 1236 1340 1271; x_wconf 87' lang='lat' dir='ltr'>fur</span> <span class='ocrx_word' id='word_1_435' title='bbox 1365 1238 1401 1270; x_wconf 89' lang='lat' dir='ltr'>et</span> <span class='ocrx_word' id='word_1_436' title='bbox 1430 1234 1570 1271; x_wconf 90' lang='lat' dir='ltr'>loculos</span> <span class='ocrx_word' id='word_1_437' title='bbox 1588 1236 1745 1280; x_wconf 86' lang='lat' dir='ltr'>habens,</span> <span class='ocrx_word' id='word_1_438' title='bbox 1766 1238 1802 1272; x_wconf 90' lang='lat' dir='ltr'>et</span> 
     </span>
     <span class='ocr_line' id='line_1_79' title="bbox 1026 1282 1802 1328; baseline 0.003 -11"><span class='ocrx_word' id='word_1_439' title='bbox 1026 1282 1171 1318; x_wconf 92' lang='lat' dir='ltr'>videret</span> <span class='ocrx_word' id='word_1_440' title='bbox 1200 1284 1434 1327; x_wconf 83' lang='lat' dir='ltr'>unguentum</span> <span class='ocrx_word' id='word_1_441' title='bbox 1466 1292 1578 1328; x_wconf 90' lang='lat' dir='ltr'>super</span> <span class='ocrx_word' id='word_1_442' title='bbox 1609 1287 1721 1328; x_wconf 87' lang='lat' dir='ltr'>caput</span> <span class='ocrx_word' id='word_1_443' title='bbox 1765 1286 1802 1319; x_wconf 90' lang='lat' dir='ltr'>et</span> 
     </span>
     <span class='ocr_line' id='line_1_80' title="bbox 1028 1329 1799 1375; baseline 0.003 -11"><span class='ocrx_word' id='word_1_444' title='bbox 1028 1330 1139 1375; x_wconf 88' lang='lat' dir='ltr'>pedes</span> <span class='ocrx_word' id='word_1_445' title='bbox 1162 1329 1311 1365; x_wconf 87' lang='lat' dir='ltr'>Domini</span> <span class='ocrx_word' id='word_1_446' title='bbox 1331 1330 1503 1373; x_wconf 78' lang='lat' dir='ltr'>effusum,</span> <span class='ocrx_word' id='word_1_447' title='bbox 1526 1329 1624 1375; x_wconf 87' lang='lat' dir='ltr'>quod</span> <span class='ocrx_word' id='word_1_448' title='bbox 1646 1334 1799 1375; x_wconf 84' lang='lat' dir='ltr'>putave-</span> 
     </span>
     <span class='ocr_line' id='line_1_81' title="bbox 1026 1376 1799 1422; baseline 0.001 -10"><span class='ocrx_word' id='word_1_449' title='bbox 1026 1380 1085 1412; x_wconf 85' lang='lat' dir='ltr'>rat</span> <span class='ocrx_word' id='word_1_450' title='bbox 1103 1387 1182 1412; x_wconf 89' lang='lat' dir='ltr'>esse</span> <span class='ocrx_word' id='word_1_451' title='bbox 1210 1376 1465 1421; x_wconf 88' lang='lat' dir='ltr'>vendendum,</span> <span class='ocrx_word' id='word_1_452' title='bbox 1485 1382 1521 1411; x_wconf 93' lang='lat' dir='ltr'>et</span> <span class='ocrx_word' id='word_1_453' title='bbox 1541 1376 1703 1422; x_wconf 89' lang='lat' dir='ltr'>pretium</span> <span class='ocrx_word' id='word_1_454' title='bbox 1729 1377 1799 1414; x_wconf 89' lang='lat' dir='ltr'>sibi</span> 
     </span>
     <span class='ocr_line' id='line_1_82' title="bbox 1026 1423 1800 1469; baseline 0.003 -10"><span class='ocrx_word' id='word_1_455' title='bbox 1026 1423 1265 1467; x_wconf 86' lang='lat' dir='ltr'>tradendum,</span> <span class='ocrx_word' id='word_1_456' title='bbox 1294 1424 1394 1469; x_wconf 88' lang='lat' dir='ltr'>quod</span> <span class='ocrx_word' id='word_1_457' title='bbox 1415 1423 1632 1469; x_wconf 86' lang='lat' dir='ltr'>perdiderat</span> <span class='ocrx_word' id='word_1_458' title='bbox 1651 1424 1690 1459; x_wconf 91' lang='lat' dir='ltr'>in</span> <span class='ocrx_word' id='word_1_459' title='bbox 1710 1424 1800 1461; x_wconf 83' lang='lat' dir='ltr'>effu-</span> 
     </span>
     <span class='ocr_line' id='line_1_83' title="bbox 1027 1470 1797 1517; baseline 0.004 -12"><span class='ocrx_word' id='word_1_460' title='bbox 1027 1471 1132 1506; x_wconf 89' lang='lat' dir='ltr'>sione</span> <span class='ocrx_word' id='word_1_461' title='bbox 1155 1470 1352 1516; x_wconf 87' lang='lat' dir='ltr'>unguenti,</span> <span class='ocrx_word' id='word_1_462' title='bbox 1378 1471 1497 1506; x_wconf 85' lang='lat' dir='ltr'>voluit</span> <span class='ocrx_word' id='word_1_463' title='bbox 1516 1481 1740 1517; x_wconf 91' lang='lat' dir='ltr'>recuperare</span> <span class='ocrx_word' id='word_1_464' title='bbox 1759 1471 1797 1507; x_wconf 91' lang='lat' dir='ltr'>in</span> 
     </span>
     <span class='ocr_line' id='line_1_84' title="bbox 1025 1517 1798 1565; baseline 0.004 -13"><span class='ocrx_word' id='word_1_465' title='bbox 1025 1517 1240 1553; x_wconf 88' lang='lat' dir='ltr'>venditione</span> <span class='ocrx_word' id='word_1_466' title='bbox 1274 1517 1454 1563; x_wconf 82' lang='lat' dir='ltr'>Magistri.</span> <span class='ocrx_word' id='word_1_467' title='bbox 1478 1517 1532 1553; x_wconf 92' lang='lat' dir='ltr'>Illi</span> <span class='ocrx_word' id='word_1_468' title='bbox 1560 1519 1697 1565; x_wconf 84' lang='lat' dir='ltr'>quippe</span> <span class='ocrx_word' id='word_1_469' title='bbox 1722 1518 1798 1555; x_wconf 86' lang='lat' dir='ltr'>tri-</span> 
     </span>
     <span class='ocr_line' id='line_1_85' title="bbox 1025 1565 1799 1610; baseline 0.004 -11"><span class='ocrx_word' id='word_1_470' title='bbox 1025 1565 1130 1610; x_wconf 87' lang='lat' dir='ltr'>ginta</span> <span class='ocrx_word' id='word_1_471' title='bbox 1150 1566 1321 1610; x_wconf 82' lang='lat' dir='ltr'>argentei</span> <span class='ocrx_word' id='word_1_472' title='bbox 1344 1565 1719 1601; x_wconf 84' lang='lat' dir='ltr'>valebanttrecentos</span> <span class='ocrx_word' id='word_1_473' title='bbox 1737 1566 1799 1602; x_wconf 89' lang='lat' dir='ltr'>de-</span> 
     </span>
     <span class='ocr_line' id='line_1_86' title="bbox 1025 1611 1797 1657; baseline 0.004 -11"><span class='ocrx_word' id='word_1_474' title='bbox 1025 1611 1151 1647; x_wconf 77' lang='lat' dir='ltr'>narios</span> <span class='ocrx_word' id='word_1_475' title='bbox 1173 1612 1347 1655; x_wconf 87' lang='lat' dir='ltr'>usuales;</span> <span class='ocrx_word' id='word_1_476' title='bbox 1371 1611 1527 1657; x_wconf 83' lang='lat' dir='ltr'>quilibet</span> <span class='ocrx_word' id='word_1_477' title='bbox 1548 1612 1646 1648; x_wconf 87' lang='lat' dir='ltr'>enim</span> <span class='ocrx_word' id='word_1_478' title='bbox 1666 1613 1797 1649; x_wconf 88' lang='lat' dir='ltr'>decem</span> 
     </span>
     <span class='ocr_line' id='line_1_87' title="bbox 1025 1658 1797 1702; baseline 0.001 -9"><span class='ocrx_word' id='word_1_479' title='bbox 1025 1659 1187 1702; x_wconf 82' lang='lat' dir='ltr'>valebat,</span> <span class='ocrx_word' id='word_1_480' title='bbox 1217 1664 1253 1694; x_wconf 87' lang='lat' dir='ltr'>et</span> <span class='ocrx_word' id='word_1_481' title='bbox 1280 1658 1332 1694; x_wconf 86' lang='lat' dir='ltr'>ita</span> <span class='ocrx_word' id='word_1_482' title='bbox 1360 1660 1397 1693; x_wconf 90' lang='lat' dir='ltr'>in</span> <span class='ocrx_word' id='word_1_483' title='bbox 1419 1658 1636 1695; x_wconf 85' lang='lat' dir='ltr'>venditione</span> <span class='ocrx_word' id='word_1_484' title='bbox 1660 1660 1797 1696; x_wconf 83' lang='lat' dir='ltr'>Christi</span> 
     </span>
     <span class='ocr_line' id='line_1_88' title="bbox 1026 1705 1796 1753; baseline 0.004 -13"><span class='ocrx_word' id='word_1_485' title='bbox 1026 1705 1261 1751; x_wconf 84' lang='lat' dir='ltr'>recuperavit</span> <span class='ocrx_word' id='word_1_486' title='bbox 1291 1706 1456 1741; x_wconf 81' lang='lat' dir='ltr'>valorem</span> <span class='ocrx_word' id='word_1_487' title='bbox 1489 1706 1673 1751; x_wconf 72' lang='lat' dir='ltr'>unguenti</span> <span class='ocrx_word' id='word_1_488' title='bbox 1700 1718 1796 1753; x_wconf 87' lang='lat' dir='ltr'>prae-</span> 
     </span>
     <span class='ocr_line' id='line_1_89' title="bbox 1026 1752 1799 1798; baseline 0.006 -12"><span class='ocrx_word' id='word_1_489' title='bbox 1026 1752 1128 1796; x_wconf 84' lang='lat' dir='ltr'>dicti,</span> <span class='ocrx_word' id='word_1_490' title='bbox 1150 1758 1185 1787; x_wconf 86' lang='lat' dir='ltr'>ct</span> <span class='ocrx_word' id='word_1_491' title='bbox 1206 1753 1507 1798; x_wconf 64' lang='lat' dir='ltr'>recompensavit</span> <span class='ocrx_word' id='word_1_492' title='bbox 1527 1755 1706 1789; x_wconf 85' lang='lat' dir='ltr'>damnum</span> <span class='ocrx_word' id='word_1_493' title='bbox 1726 1758 1799 1791; x_wconf 89' lang='lat' dir='ltr'>tre-</span> 
     </span>
     <span class='ocr_line' id='line_1_90' title="bbox 1025 1800 1795 1846; baseline 0.006 -13"><span class='ocrx_word' id='word_1_494' title='bbox 1025 1803 1218 1835; x_wconf 77' lang='lat' dir='ltr'>centorum</span> <span class='ocrx_word' id='word_1_495' title='bbox 1232 1800 1474 1836; x_wconf 78' lang='lat' dir='ltr'>denariorum</span> <span class='ocrx_word' id='word_1_496' title='bbox 1490 1802 1533 1836; x_wconf 87' lang='lat' dir='ltr'>de</span> <span class='ocrx_word' id='word_1_497' title='bbox 1549 1812 1622 1846; x_wconf 81' lang='lat' dir='ltr'>quo</span> <span class='ocrx_word' id='word_1_498' title='bbox 1638 1801 1795 1838; x_wconf 85' lang='lat' dir='ltr'>dixerat:</span> 
     </span>
     <span class='ocr_line' id='line_1_91' title="bbox 1025 1848 1797 1891; baseline 0.004 -10"><span class='ocrx_word' id='word_1_499' title='bbox 1025 1848 1142 1889; x_wconf 66' lang='lat' dir='ltr'>Quare</span> <span class='ocrx_word' id='word_1_500' title='bbox 1160 1849 1223 1882; x_wconf 80' lang='lat' dir='ltr'>hoc</span> <span class='ocrx_word' id='word_1_501' title='bbox 1244 1852 1461 1891; x_wconf 66' lang='lat' dir='ltr'>unquentum</span> <span class='ocrx_word' id='word_1_502' title='bbox 1490 1858 1560 1883; x_wconf 73' lang='lat' dir='ltr'>non</span> <span class='ocrx_word' id='word_1_503' title='bbox 1585 1851 1698 1884; x_wconf 69' lang='lat' dir='ltr'>veniit</span> <span class='ocrx_word' id='word_1_504' title='bbox 1724 1853 1797 1884; x_wconf 86' lang='lat' dir='ltr'>tre-</span> 
     </span>
     <span class='ocr_line' id='line_1_92' title="bbox 1024 1895 1798 1940; baseline 0.004 -11"><span class='ocrx_word' id='word_1_505' title='bbox 1024 1899 1135 1929; x_wconf 79' lang='lat' dir='ltr'>centzs</span> <span class='ocrx_word' id='word_1_506' title='bbox 1150 1895 1314 1929; x_wconf 74' lang='lat' dir='ltr'>denariis</span> <span class='ocrx_word' id='word_1_507' title='bbox 1326 1899 1358 1930; x_wconf 79' lang='lat' dir='ltr'>et</span> <span class='ocrx_word' id='word_1_508' title='bbox 1381 1895 1509 1930; x_wconf 73' lang='lat' dir='ltr'>dutum</span> <span class='ocrx_word' id='word_1_509' title='bbox 1521 1899 1573 1931; x_wconf 80' lang='lat' dir='ltr'>est</span> <span class='ocrx_word' id='word_1_510' title='bbox 1593 1898 1739 1940; x_wconf 59' lang='lat' dir='ltr'>egenis?</span> <span class='ocrx_word' id='word_1_511' title='bbox 1754 1898 1798 1932; x_wconf 89' lang='lat' dir='ltr'>Et</span> 
     </span>
     <span class='ocr_line' id='line_1_93' title="bbox 1024 1941 1797 1987; baseline 0.006 -12"><span class='ocrx_word' id='word_1_512' title='bbox 1024 1942 1119 1976; x_wconf 86' lang='lat' dir='ltr'>torte</span> <span class='ocrx_word' id='word_1_513' title='bbox 1142 1943 1220 1977; x_wconf 63' lang='lat' dir='ltr'>haec</span> <span class='ocrx_word' id='word_1_514' title='bbox 1241 1952 1355 1977; x_wconf 75' lang='lat' dir='ltr'>causa</span> <span class='ocrx_word' id='word_1_515' title='bbox 1372 1941 1440 1977; x_wconf 79' lang='lat' dir='ltr'>t&#39;uit</span> <span class='ocrx_word' id='word_1_516' title='bbox 1466 1954 1580 1987; x_wconf 78' lang='lat' dir='ltr'>quare</span> <span class='ocrx_word' id='word_1_517' title='bbox 1600 1944 1797 1980; x_wconf 82' lang='lat' dir='ltr'>Matthaeus</span> 
     </span>
     <span class='ocr_line' id='line_1_94' title="bbox 1023 1987 1795 2030; baseline 0.006 -8"><span class='ocrx_word' id='word_1_518' title='bbox 1023 1987 1083 2023; x_wconf 83' lang='lat' dir='ltr'>hic</span> <span class='ocrx_word' id='word_1_519' title='bbox 1112 1988 1248 2024; x_wconf 77' lang='lat' dir='ltr'>factum</span> <span class='ocrx_word' id='word_1_520' title='bbox 1279 1988 1404 2024; x_wconf 77' lang='lat' dir='ltr'>Mnriae</span> <span class='ocrx_word' id='word_1_521' title='bbox 1428 1989 1610 2030; x_wconf 71' lang='lat' dir='ltr'>recitavit,</span> <span class='ocrx_word' id='word_1_522' title='bbox 1634 1995 1675 2026; x_wconf 89' lang='lat' dir='ltr'>ut</span> <span class='ocrx_word' id='word_1_523' title='bbox 1696 1990 1795 2027; x_wconf 87' lang='lat' dir='ltr'>scili-</span> 
     </span>
     <span class='ocr_line' id='line_1_95' title="bbox 1023 2037 1797 2082; baseline 0.008 -13"><span class='ocrx_word' id='word_1_524' title='bbox 1023 2040 1081 2070; x_wconf 83' lang='lat' dir='ltr'>cet</span> <span class='ocrx_word' id='word_1_525' title='bbox 1096 2040 1346 2081; x_wconf 80' lang='lat' dir='ltr'>congruenter</span> <span class='ocrx_word' id='word_1_526' title='bbox 1358 2037 1493 2072; x_wconf 75' lang='lat' dir='ltr'>tactum</span> <span class='ocrx_word' id='word_1_527' title='bbox 1507 2037 1627 2080; x_wconf 84' lang='lat' dir='ltr'>Judae,</span> <span class='ocrx_word' id='word_1_528' title='bbox 1643 2048 1715 2082; x_wconf 86' lang='lat' dir='ltr'>quo</span> <span class='ocrx_word' id='word_1_529' title='bbox 1728 2039 1797 2075; x_wconf 90' lang='lat' dir='ltr'>Do-</span> 
     </span>
     <span class='ocr_line' id='line_1_96' title="bbox 1022 2082 1795 2130; baseline 0.005 -13"><span class='ocrx_word' id='word_1_530' title='bbox 1022 2084 1164 2118; x_wconf 86' lang='lat' dir='ltr'>minum</span> <span class='ocrx_word' id='word_1_531' title='bbox 1191 2082 1370 2127; x_wconf 83' lang='lat' dir='ltr'>vendidit,</span> <span class='ocrx_word' id='word_1_532' title='bbox 1397 2088 1579 2125; x_wconf 73' lang='lat' dir='ltr'>narraret,</span> <span class='ocrx_word' id='word_1_533' title='bbox 1604 2088 1795 2130; x_wconf 82' lang='lat' dir='ltr'>tamquam</span> 
     </span>
     <span class='ocr_line' id='line_1_97' title="bbox 1022 2129 1796 2178; baseline 0.006 -14"><span class='ocrx_word' id='word_1_534' title='bbox 1022 2129 1240 2164; x_wconf 65' lang='lat' dir='ltr'>continuans</span> <span class='ocrx_word' id='word_1_535' title='bbox 1259 2130 1433 2165; x_wconf 59' lang='lat' dir='ltr'>effectum</span> <span class='ocrx_word' id='word_1_536' title='bbox 1454 2132 1500 2165; x_wconf 87' lang='lat' dir='ltr'>ad</span> <span class='ocrx_word' id='word_1_537' title='bbox 1522 2142 1688 2176; x_wconf 83' lang='lat' dir='ltr'>causam,</span> <span class='ocrx_word' id='word_1_538' title='bbox 1708 2134 1796 2178; x_wconf 84' lang='lat' dir='ltr'>quia</span> 
     </span>
     <span class='ocr_line' id='line_1_98' title="bbox 1021 2176 1795 2216; baseline 0.006 -5"><span class='ocrx_word' id='word_1_539' title='bbox 1021 2176 1090 2211; x_wconf 86' lang='lat' dir='ltr'>hoc</span> <span class='ocrx_word' id='word_1_540' title='bbox 1130 2178 1268 2212; x_wconf 84' lang='lat' dir='ltr'>l&#39;actuin</span> <span class='ocrx_word' id='word_1_541' title='bbox 1298 2177 1366 2212; x_wconf 87' lang='lat' dir='ltr'>suit</span> <span class='ocrx_word' id='word_1_542' title='bbox 1398 2179 1543 2213; x_wconf 82' lang='lat' dir='ltr'>occasio</span> <span class='ocrx_word' id='word_1_543' title='bbox 1567 2179 1795 2216; x_wconf 87' lang='lat' dir='ltr'>venditionis</span> 
     </span>
     <span class='ocr_line' id='line_1_99' title="bbox 1020 2223 1795 2275; baseline 0.005 -17"><span class='ocrx_word' id='word_1_544' title='bbox 1020 2223 1171 2275; x_wconf 76' lang='lat' dir='ltr'>Christi.</span> <span class='ocrx_word' id='word_1_545' title='bbox 1191 2226 1306 2259; x_wconf 72' lang='lat' dir='ltr'>Judas</span> <span class='ocrx_word' id='word_1_546' title='bbox 1327 2223 1452 2269; x_wconf 76' lang='lat' dir='ltr'>itaque</span> <span class='ocrx_word' id='word_1_547' title='bbox 1473 2236 1569 2260; x_wconf 85' lang='lat' dir='ltr'>unus</span> <span class='ocrx_word' id='word_1_548' title='bbox 1588 2226 1633 2261; x_wconf 88' lang='lat' dir='ltr'>de</span> <span class='ocrx_word' id='word_1_549' title='bbox 1652 2226 1795 2262; x_wconf 87' lang='lat' dir='ltr'>duode-</span> 
     </span>
     <span class='ocr_line' id='line_1_100' title="bbox 1018 2271 1792 2315; baseline 0.005 -10"><span class='ocrx_word' id='word_1_550' title='bbox 1018 2281 1104 2313; x_wconf 83' lang='lat' dir='ltr'>cnn,</span> <span class='ocrx_word' id='word_1_551' title='bbox 1149 2281 1305 2306; x_wconf 83' lang='lat' dir='ltr'>numero</span> <span class='ocrx_word' id='word_1_552' title='bbox 1343 2282 1418 2306; x_wconf 89' lang='lat' dir='ltr'>non</span> <span class='ocrx_word' id='word_1_553' title='bbox 1456 2271 1605 2315; x_wconf 81' lang='lat' dir='ltr'>mei-ito,</span> <span class='ocrx_word' id='word_1_554' title='bbox 1638 2275 1792 2310; x_wconf 88' lang='lat' dir='ltr'>nomine</span> 
     </span>
     <span class='ocr_line' id='line_1_101' title="bbox 1018 2319 1793 2364; baseline 0.005 -12"><span class='ocrx_word' id='word_1_555' title='bbox 1018 2329 1092 2352; x_wconf 88' lang='lat' dir='ltr'>non</span> <span class='ocrx_word' id='word_1_556' title='bbox 1123 2328 1293 2362; x_wconf 83' lang='lat' dir='ltr'>munere,</span> <span class='ocrx_word' id='word_1_557' title='bbox 1314 2329 1470 2363; x_wconf 81' lang='lat' dir='ltr'>corpore</span> <span class='ocrx_word' id='word_1_558' title='bbox 1506 2330 1579 2354; x_wconf 91' lang='lat' dir='ltr'>non</span> <span class='ocrx_word' id='word_1_559' title='bbox 1603 2319 1742 2364; x_wconf 88' lang='lat' dir='ltr'>animo,</span> <span class='ocrx_word' id='word_1_560' title='bbox 1771 2331 1793 2357; x_wconf 89' lang='lat' dir='ltr'>a</span> 
     </span>
     <span class='ocr_line' id='line_1_102' title="bbox 1016 2364 1792 2414; baseline 0.005 -15"><span class='ocrx_word' id='word_1_561' title='bbox 1016 2364 1250 2410; x_wconf 72' lang='lat' dir='ltr'>principibus</span> <span class='ocrx_word' id='word_1_562' title='bbox 1276 2376 1353 2400; x_wconf 92' lang='lat' dir='ltr'>non</span> <span class='ocrx_word' id='word_1_563' title='bbox 1376 2364 1569 2406; x_wconf 78' lang='lat' dir='ltr'>imitatur,</span> <span class='ocrx_word' id='word_1_564' title='bbox 1591 2377 1665 2401; x_wconf 89' lang='lat' dir='ltr'>non</span> <span class='ocrx_word' id='word_1_565' title='bbox 1688 2367 1792 2414; x_wconf 88' lang='lat' dir='ltr'>cogi-</span> 
     </span>
     <span class='ocr_line' id='line_1_103' title="bbox 1016 2412 1792 2460; baseline 0.006 -14"><span class='ocrx_word' id='word_1_566' title='bbox 1016 2415 1088 2455; x_wconf 86' lang='lat' dir='ltr'>tur,</span> <span class='ocrx_word' id='word_1_567' title='bbox 1116 2414 1217 2447; x_wconf 84' lang='lat' dir='ltr'>nulla</span> <span class='ocrx_word' id='word_1_568' title='bbox 1246 2412 1472 2447; x_wconf 74' lang='lat' dir='ltr'>necessitate</span> <span class='ocrx_word' id='word_1_569' title='bbox 1504 2413 1792 2460; x_wconf 80' lang='lat' dir='ltr'>constringitur,</span> 
     </span>
     <span class='ocr_line' id='line_1_104' title="bbox 1014 2458 1792 2510; baseline 0.006 -17"><span class='ocrx_word' id='word_1_570' title='bbox 1014 2459 1078 2510; x_wconf 41' lang='lat' dir='ltr'>sud</span> <span class='ocrx_word' id='word_1_571' title='bbox 1103 2458 1254 2504; x_wconf 85' lang='lat' dir='ltr'>propria</span> <span class='ocrx_word' id='word_1_572' title='bbox 1287 2463 1419 2504; x_wconf 78' lang='lat' dir='ltr'>sponte</span> <span class='ocrx_word' id='word_1_573' title='bbox 1447 2460 1628 2505; x_wconf 67' lang='lat' dir='ltr'>processit</span> <span class='ocrx_word' id='word_1_574' title='bbox 1650 2466 1685 2496; x_wconf 86' lang='lat' dir='ltr'>et</span> <span class='ocrx_word' id='word_1_575' title='bbox 1705 2472 1792 2507; x_wconf 91' lang='lat' dir='ltr'>pro-</span> 
     </span>
     <span class='ocr_line' id='line_1_105' title="bbox 1016 2505 1790 2551; baseline 0.005 -11"><span class='ocrx_word' id='word_1_576' title='bbox 1016 2517 1095 2550; x_wconf 73' lang='lat' dir='ltr'>priu</span> <span class='ocrx_word' id='word_1_577' title='bbox 1122 2505 1353 2551; x_wconf 68' lang='lat' dir='ltr'>malignitate</span> <span class='ocrx_word' id='word_1_578' title='bbox 1377 2506 1575 2542; x_wconf 84' lang='lat' dir='ltr'>consilium</span> <span class='ocrx_word' id='word_1_579' title='bbox 1599 2510 1790 2545; x_wconf 86' lang='lat' dir='ltr'>sceleratae</span> 
     </span>
     <span class='ocr_line' id='line_1_106' title="bbox 1012 2552 1788 2596; baseline 0.006 -9"><span class='ocrx_word' id='word_1_580' title='bbox 1012 2554 1150 2587; x_wconf 80' lang='lat' dir='ltr'>mentis</span> <span class='ocrx_word' id='word_1_581' title='bbox 1182 2554 1281 2596; x_wconf 87' lang='lat' dir='ltr'>ini1t;</span> <span class='ocrx_word' id='word_1_582' title='bbox 1302 2563 1369 2588; x_wconf 90' lang='lat' dir='ltr'>nec</span> <span class='ocrx_word' id='word_1_583' title='bbox 1400 2552 1439 2587; x_wconf 90' lang='lat' dir='ltr'>in</span> <span class='ocrx_word' id='word_1_584' title='bbox 1474 2554 1687 2590; x_wconf 81' lang='lat' dir='ltr'>venditione</span> <span class='ocrx_word' id='word_1_585' title='bbox 1710 2557 1788 2593; x_wconf 86' lang='lat' dir='ltr'>Ma-</span> 
     </span>
     <span class='ocr_line' id='line_1_107' title="bbox 1010 2599 1788 2647; baseline 0.006 -13"><span class='ocrx_word' id='word_1_586' title='bbox 1010 2599 1116 2645; x_wconf 65' lang='lat' dir='ltr'>gistri</span> <span class='ocrx_word' id='word_1_587' title='bbox 1139 2603 1281 2635; x_wconf 81' lang='lat' dir='ltr'>certam</span> <span class='ocrx_word' id='word_1_588' title='bbox 1304 2600 1507 2644; x_wconf 89' lang='lat' dir='ltr'>postulavit</span> <span class='ocrx_word' id='word_1_589' title='bbox 1529 2612 1726 2647; x_wconf 88' lang='lat' dir='ltr'>summam,</span> <span class='ocrx_word' id='word_1_590' title='bbox 1750 2606 1788 2639; x_wconf 87' lang='lat' dir='ltr'>ut</span> 
     </span>
     <span class='ocr_line' id='line_1_108' title="bbox 1011 2646 1786 2694; baseline 0.006 -13"><span class='ocrx_word' id='word_1_591' title='bbox 1011 2647 1056 2681; x_wconf 81' lang='lat' dir='ltr'>dc</span> <span class='ocrx_word' id='word_1_592' title='bbox 1082 2657 1119 2682; x_wconf 90' lang='lat' dir='ltr'>re</span> <span class='ocrx_word' id='word_1_593' title='bbox 1141 2657 1228 2682; x_wconf 87' lang='lat' dir='ltr'>cara</span> <span class='ocrx_word' id='word_1_594' title='bbox 1260 2646 1339 2681; x_wconf 81' lang='lat' dir='ltr'>lieri</span> <span class='ocrx_word' id='word_1_595' title='bbox 1361 2647 1469 2689; x_wconf 89' lang='lat' dir='ltr'>solet,</span> <span class='ocrx_word' id='word_1_596' title='bbox 1494 2648 1558 2683; x_wconf 88' lang='lat' dir='ltr'>sed</span> <span class='ocrx_word' id='word_1_597' title='bbox 1587 2651 1693 2694; x_wconf 88' lang='lat' dir='ltr'>quasi</span> <span class='ocrx_word' id='word_1_598' title='bbox 1715 2651 1786 2686; x_wconf 87' lang='lat' dir='ltr'>vile</span> 
     </span>
     <span class='ocr_line' id='line_1_109' title="bbox 1010 2693 1784 2738; baseline 0.005 -10"><span class='ocrx_word' id='word_1_599' title='bbox 1010 2693 1164 2729; x_wconf 87' lang='lat' dir='ltr'>tradens</span> <span class='ocrx_word' id='word_1_600' title='bbox 1199 2697 1235 2728; x_wconf 88' lang='lat' dir='ltr'>et</span> <span class='ocrx_word' id='word_1_601' title='bbox 1268 2694 1399 2729; x_wconf 86' lang='lat' dir='ltr'>venale</span> <span class='ocrx_word' id='word_1_602' title='bbox 1424 2705 1613 2738; x_wconf 84' lang='lat' dir='ltr'>exponens</span> <span class='ocrx_word' id='word_1_603' title='bbox 1642 2698 1784 2732; x_wconf 88' lang='lat' dir='ltr'>manci-</span> 
     </span>
     <span class='ocr_line' id='line_1_110' title="bbox 1007 2740 1785 2790; baseline 0.005 -15"><span class='ocrx_word' id='word_1_604' title='bbox 1007 2742 1125 2786; x_wconf 90' lang='lat' dir='ltr'>pium,</span> <span class='ocrx_word' id='word_1_605' title='bbox 1146 2740 1187 2776; x_wconf 92' lang='lat' dir='ltr'>in</span> <span class='ocrx_word' id='word_1_606' title='bbox 1219 2743 1403 2786; x_wconf 86' lang='lat' dir='ltr'>potestate</span> <span class='ocrx_word' id='word_1_607' title='bbox 1432 2742 1636 2778; x_wconf 83' lang='lat' dir='ltr'>ementium</span> <span class='ocrx_word' id='word_1_608' title='bbox 1661 2745 1785 2790; x_wconf 90' lang='lat' dir='ltr'>posuit</span> 
     </span>
     <span class='ocr_line' id='line_1_111' title="bbox 1007 2787 1782 2835; baseline 0.005 -13"><span class='ocrx_word' id='word_1_609' title='bbox 1007 2793 1190 2833; x_wconf 87' lang='lat' dir='ltr'>quantum</span> <span class='ocrx_word' id='word_1_610' title='bbox 1204 2788 1294 2824; x_wconf 84' lang='lat' dir='ltr'>dare</span> <span class='ocrx_word' id='word_1_611' title='bbox 1311 2787 1461 2824; x_wconf 82' lang='lat' dir='ltr'>vellent.</span> <span class='ocrx_word' id='word_1_612' title='bbox 1476 2788 1567 2825; x_wconf 90' lang='lat' dir='ltr'>Cum</span> <span class='ocrx_word' id='word_1_613' title='bbox 1581 2790 1682 2826; x_wconf 88' lang='lat' dir='ltr'>enim</span> <span class='ocrx_word' id='word_1_614' title='bbox 1693 2789 1782 2835; x_wconf 68' lang='lat' dir='ltr'>vilia</span> 
     </span>
    </p>
   </div>
   <div class='ocr_carea' id='block_1_4' title="bbox 1887 0 1907 576">
    <p class='ocr_par' dir='ltr' id='par_1_5' title="bbox 1887 0 1907 576">
     <span class='ocr_line' id='line_1_112' title="bbox 1887 0 1907 576; baseline 0 2563"><span class='ocrx_word' id='word_1_615' title='bbox 1887 0 1907 576; x_wconf 95' lang='lat' dir='ltr'> </span> 
     </span>
    </p>
   </div>
  </div>
 </body>
</html>
