1855 3139
116 170 155 204 38
602 156 811 203 SECUNDAE
847 168 1007 204 PARTIS
1044 168 1181 202 CAPUT
1218 167 1260 199 vi

121 241 270 279 noverit
290 239 541 278 redditurum.
564 241 710 278 »Unde
732 244 769 278 et
790 242 900 286 Chry·
935 245 942 283 ε
975 239 1071 276 sicut
1103 240 1254 276 dextera
1293 242 1359 275 tua
1390 235 1573 281 defendit3
1605 235 1661 272 vel
1687 245 1747 282 pes

127 293 306 326 sostomus
321 302 331 325 :
349 302 366 323 «
384 289 420 326 Si
435 289 493 325 vir
505 292 567 326 aut
585 289 721 325 mulier
733 300 772 325 se
785 299 899 325 orna-

120 336 232 382 verit,
257 341 293 373 et
328 337 450 374 vultus
485 336 732 384 spectantium
771 337 819 373 ad
860 347 899 372 se

113 384 395 433 provocaverit,
412 384 481 421 etsi
499 385 641 421 nullum
665 384 753 420 inde
769 395 900 430 prove-

112 433 197 470 niat
218 432 515 479 damnum,judi‹
532 432 611 469 ium
632 435 761 468 tamen
781 430 898 478 patie-

114 484 176 517 tur
197 480 236 516 in
254 484 458 524 aeternum3
479 479 568 526 quia
586 490 773 515 venenum
794 479 900 515 obtu-

109 528 169 574 lit,
191 528 261 565 etsi
286 538 363 564 non
387 527 454 564 fuit
474 527 538 573 qui
560 527 720 571 biberet,
737 525 898 572 pulchri-

112 576 204 617 tudo
244 574 345 612 enim
388 585 580 612 venenum
614 573 813 610 animabus
839 573 898 609 in-

114 622 250 661 fundit.
284 635 302 656 «
320 624 495 669 Magnum
512 633 600 668 ergo
622 625 821 669 peccatum
842 622 898 657 est

118 670 354 715 scandalum,
383 673 419 707 et
444 670 529 706 ideo
562 679 804 716 summopere
842 670 899 704 est

117 718 342 755 cavendum.
355 718 461 754 Unde
474 718 726 762 Auqustinus:
742 729 759 750 «
782 715 898 762 Magis

117 768 288 812 peccant,
318 765 381 812 qui
407 765 555 801 animas
575 764 631 800 ‘ad
668 764 899 810 peccandum

119 813 372 858 inflammant,
388 815 425 849 et
440 814 516 849 Deo
533 812 771 853 subtrahunt,
786 821 899 857 quam

119 859 184 908 qui
215 871 368 896 carnem
403 859 541 896 Christi
568 859 848 895 crucifixerunt.
878 871 897 892 »

122 908 228 945 Unde
255 911 292 944 et
313 908 476 944 Isidorus
498 921 508 943 .-
536 921 550 939 «
577 906 791 943 Deteriores
812 908 899 942 sunt

121 955 186 1002 qui
212 954 289 992 sive
310 955 503 999 doctrinis,
526 954 602 991 sive
629 953 822 1000 exemplis,
844 952 897 988 vi-

120 1007 198 1039 tam
215 1013 417 1048 moresque
432 1003 619 1038 bonorum
639 1005 898 1046 corrumpunt,

119 1049 179 1086 his
192 1049 254 1096 qui
267 1049 498 1086 substantias
510 1049 669 1085 aliorum
681 1047 899 1096 praediaque

116 1097 298 1144 diripiunt
322 1108 330 1133 :
356 1109 373 1130 »
396 1097 477 1132 haec
494 1097 677 1133 Isidorus,

165 1148 186 1181 5
226 1145 439 1181 SCANDALUM
480 1155 655 1179 PASSIVUM
702 1155 809 1179 armi
849 1154 900 1178 v1-

120 1203 265 1229 TANDUM
295 1202 369 1228 EST.
394 1190 607 1229 —Deinde.
637 1190 725 1236 quia
751 1190 828 1236 egit
854 1190 900 1225 de

119 1238 296 1276 scandalo
323 1237 445 1274 activo
475 1238 575 1284 quod
603 1237 778 1281 facimus,
811 1248 899 1284 pro-

118 1286 255 1324 hibens
285 1296 333 1322 ne
360 1284 660 1321 scandalizemus
678 1285 897 1328 credentes;

119 1345 219 1371 nunc
246 1333 321 1379 agit
350 1333 396 1369 de
420 1333 596 1369 scandalo
623 1332 770 1378 passivo
800 1332 900 1378 quod

120 1381 300 1429 patimur,
323 1391 480 1417 monens
508 1383 547 1416 ut
572 1391 770 1416 caveamus
791 1390 898 1416 scan-

121 1428 339 1469 dalizantes,
358 1427 445 1472 quia
465 1438 565 1475 saepe
582 1427 675 1463 nihil
690 1427 747 1464 vel
766 1437 900 1474 parum

123 1476 239 1512 distat
257 1476 293 1512 in
317 1475 405 1510 vitio
425 1475 678 1512 scandalizare
699 1477 734 1510 ct
754 1474 899 1519 fallere,

122 1524 181 1560 vel
209 1522 454 1559 scandalizari
489 1526 525 1558 et
562 1522 652 1558 salli.
684 1522 900 1558 Cavendum

121 1574 178 1607 est
208 1570 335 1617 igitur,
357 1580 404 1605 ne
434 1570 518 1616 quis
549 1569 822 1606 scandalizetur
854 1570 900 1605 ab

70 1630 73 1633 ·
122 1618 208 1657 alio,
229 1618 286 1654 vel
308 1628 330 1654 a
351 1616 488 1663 seipso.
510 1616 612 1654 Alius
629 1622 757 1653 autem
778 1620 902 1662 potest

121 1666 292 1712 praebere
322 1664 520 1701 materiam
549 1664 716 1701 scandali
745 1663 900 1717 triplici-

120 1715 202 1749 ter:
222 1716 285 1749 aut
306 1723 374 1759 per
391 1711 639 1759 adjutorium,
657 1712 757 1758 quod
778 1721 901 1756 signa-

120 1763 183 1797 tur
207 1771 275 1805 per
300 1770 480 1803 manum3
504 1763 568 1795 aut
594 1770 661 1805 per
692 1758 901 1803 servitium,

119 1808 222 1854 quod
242 1818 309 1854 per
331 1808 486 1854 pedem;
511 1810 574 1843 aut
597 1817 664 1852 per
686 1806 901 1850 consilium,

122 1855 222 1902 quod
262 1865 328 1902 per
368 1855 530 1891 oculum.
573 1854 786 1890 Secundum
814 1864 902 1890 vero

123 1902 225 1948 quod
262 1902 396 1949 aliquis
428 1903 572 1949 praebet
600 1901 669 1938 sibi
706 1900 904 1937 materiam

125 1948 306 1993 scandali,
329 1952 450 1997 potest
473 1960 553 1985 esse
578 1961 585 1985 :
609 1949 665 1985 vel
692 1959 762 1995 per
787 1948 904 1984 actio-

127 2007 214 2032 nem
235 1996 440 2043 propriam,
458 2007 540 2042 quae
559 2007 628 2043 per
649 2006 800 2032 manum
819 2007 827 2040 ;
848 1995 905 2032 vel

128 2054 196 2090 per
212 2043 400 2088 effectum,
417 2044 479 2089 qui
499 2054 566 2090 per
585 2043 739 2090 pedem;
760 2043 817 2079 vel
840 2053 907 2089 per

131 2089 406 2136 cognitionem,
430 2101 512 2135 quae
536 2101 603 2137 per
629 2091 780 2126 oculum
812 2089 908 2126 desi-

128 2140 276 2183 gnatur.
293 2138 349 2173 Ad
367 2137 584 2182 fugiendum
600 2148 688 2183 ergo
714 2141 908 2183 peccatum

129 2184 309 2228 scandali,
338 2183 479 2220 inducit
507 2185 686 2220 Dominus
713 2185 907 2229 metapho-

131 2242 213 2268 ram
226 2232 493 2274 membrorum,
508 2235 545 2266 et
559 2231 695 2277 arguit:
712 2232 746 2266 in
765 2234 908 2267 tantum

131 2289 244 2325 grave
266 2282 322 2314 est
338 2282 533 2324 peccatum
554 2277 906 2323 scandalizantium,

131 2326 231 2372 quod
251 2326 278 2361 si
302 2324 411 2362 nobis
433 2328 519 2361 sunt
541 2325 732 2371 conjuncti
756 2328 795 2361 ut
816 2336 909 2372 prze-

129 2375 259 2419 optata
275 2375 312 2408 et
333 2372 528 2408 carissima
550 2373 722 2408 membra
743 2373 905 2418 corpori,

131 2419 257 2465 sicque
275 2419 348 2455 sint
370 2420 480 2455 nobis
502 2419 705 2455 necessarii
721 2423 760 2455 ut
776 2431 909 2456 manus

131 2470 169 2503 et
186 2477 253 2512 pes
267 2467 324 2503 vel
343 2469 384 2503 ut
403 2466 547 2511 oculus,
562 2467 661 2511 quod
677 2466 747 2513 ipsi
768 2467 834 2513 qui
856 2467 908 2503 sie

132 2513 386 2550 scandalizant
405 2517 517 2560 atque
537 2514 801 2550 offendiculum
824 2513 911 2550 vitae‘

133 2566 295 2607 ponunt,
315 2561 466 2597 omnino
488 2561 597 2597 nobis
616 2561 852 2606 relinquendi
874 2565 909 2597 ct

135 2608 301 2655 fugiendi
329 2611 426 2644 sunt.
453 2607 549 2644 Dicit
575 2619 664 2653 ergo
688 2620 697 2644 :
723 2610 764 2645 Si
791 2612 909 2644 autem

136 2666 265 2692 manus
285 2658 362 2699 tua,
384 2655 421 2691 id
443 2658 499 2691 est
519 2655 669 2702 adjutor
689 2658 774 2692 tuus
796 2667 912 2702 quan-

139 2705 376 2750 tumcumque
389 2701 455 2738 tibi
470 2701 588 2744 utilis,
599 2702 661 2749 qui
673 2702 741 2739 tibi
755 2714 910 2749 operose

138 2753 178 2786 ut
191 2760 324 2787 manus
339 2749 542 2795 ministrat,
553 2760 595 2786 ac
604 2761 673 2797 pro
685 2753 721 2786 te
733 2754 910 2797 operatur

138 2800 176 2834 et
213 2796 441 2845 adJutorium
479 2796 677 2845 impendit,
705 2801 741 2834 et
775 2797 836 2844 qui
872 2801 907 2835 te

975 292 1072 332 tuus,
1085 288 1123 324 id
1141 291 1197 324 est
1213 287 1402 323 discursor
1413 283 1587 331 tuus,qui
1600 283 1639 320 in
1657 293 1748 320 usus

975 337 1058 372 tuos
1079 335 1268 378 discurrit,
1292 339 1329 371 et
1350 338 1385 370 te
1406 333 1443 369 in
1462 333 1590 369 labore
1623 332 1679 367 vel
1711 332 1749 367 in

976 383 1227 419 sollicitudine
1249 383 1458 429 supportat,
1481 384 1518 417 et
1540 385 1578 416 ut
1597 390 1664 426 pes
1682 378 1748 415 in-

974 431 1084 467 firma
1104 435 1168 467 tua
1188 430 1567 476 portat,scandalizat
1581 426 1675 471 te,id
1692 429 1748 463 est

975 478 1076 514 laedit
1092 482 1128 514 te
1140 478 1178 513 in
1194 489 1307 514 causa
1321 477 1472 520 enimse,
1492 476 1637 511 abscide
1654 485 1746 518 eum,

975 526 1097 572 quoad
1141 526 1317 562 affectum
1335 554 1343 570 ,
1389 523 1531 560 scilicet
1574 523 1749 560 affectum

974 572 1097 620 ipsum
1118 573 1343 620 rumpendo,
1379 575 1411 608 et
1434 571 1576 618 projice
1605 570 1670 606 abs
1702 572 1748 614 te,

975 620 1101 668 quoad
1140 621 1326 661 effectum.
1357 619 1498 656 scilicet
1532 618 1750 655 societatem

975 669 1056 715 ejus
1083 667 1306 712 devitando;
1324 670 1359 704 et
1386 665 1623 710 intelligitur,
1639 664 1670 701 si
1689 675 1750 700 ca-

975 715 1113 762 stigare
1128 726 1203 751 non
1214 718 1334 761 potes.
1351 716 1396 750 Et
1411 713 1536 750 subdit
1550 712 1749 757 rationem,

976 763 1128 799 dicens:
1150 762 1353 807 Bonum‚id
1375 764 1428 798 est
1450 760 1598 805 melius,
1616 761 1684 796 tibi
1701 763 1753 796 est

975 812 1024 846 ad
1043 813 1157 847 vitam
1176 811 1323 855 irzqredi
1343 810 1512 853 debilem,
1535 808 1573 844 id
1593 811 1647 844 est
1670 806 1754 843 sine

975 858 1186 905 pernicioso
1202 858 1373 903 adjutore
1389 857 1445 892 vel
1462 856 1645 901 socio,cel
1656 856 1755 891 clau-

976 907 1076 951 dum,
1098 906 1134 941 id
1156 908 1213 941 est
1234 905 1313 941 sine
1331 903 1543 952 pernicioso
1565 905 1753 940 sustenta-

974 957 1057 989 tore
1078 954 1134 989 vel
1162 953 1298 997 amico,
1321 956 1356 987 et
1382 951 1570 998 adjutorio
1599 961 1642 987 ac
1668 960 1754 996 sup-

975 1000 1188 1047 portatione
1219 1000 1376 1036 istorum
1402 998 1615 1046 privatum3
1645 1009 1753 1044 quam

976 1049 1069 1084 duas
1085 1059 1215 1084 manus
1237 1050 1293 1084 vel
1314 1049 1403 1083 duos
1418 1047 1527 1093 pedes
1551 1047 1753 1087 habentem,

976 1095 1013 1131 id
1031 1099 1085 1132 est
1102 1096 1176 1132 duo
1196 1096 1400 1141 adjutoria,
1416 1096 1470 1130 vel
1491 1094 1584 1130 duas
1602 1103 1757 1139 suppor-

976 1142 1154 1188 tationes,
1181 1143 1322 1179 scilicet
1359 1142 1532 1188 tuiipsius
1571 1144 1607 1177 et
1644 1140 1756 1176 amici

977 1190 1274 1230 scandalizantis,
1287 1192 1431 1226 mittiin
1441 1192 1560 1234 ionem
1568 1192 1755 1225 aeternum.

977 1239 1023 1273 Et
1042 1239 1076 1272 si
1096 1239 1220 1273 oculus
1238 1242 1335 1281 tuus,
1354 1238 1389 1273 id
1409 1242 1466 1272 est
1487 1236 1678 1272 consultor
1698 1234 1755 1271 vel

976 1285 1149 1331 provisor
1169 1289 1204 1320 et
1225 1286 1458 1331 gubernator
1478 1285 1525 1320 ad
1546 1282 1757 1328 percipien-

978 1332 1064 1367 dum
1097 1337 1239 1376 acutus,
1263 1332 1325 1377 qui
1350 1335 1385 1368 te
1418 1334 1457 1367 ut
1485 1332 1615 1367 oculus
1639 1329 1756 1375 ducit,

977 1380 1033 1414 vel
1056 1379 1214 1416 dilectus
1241 1379 1337 1415 sicut
1364 1380 1508 1423 oculus,
1526 1378 1759 1414 scandalizat

978 1429 1024 1467 te,
1045 1427 1079 1462 id
1097 1430 1154 1462 est
1172 1427 1208 1462 in
1231 1438 1397 1463 errorem
1420 1426 1499 1462 vult
1515 1427 1758 1469 ducere,erue

978 1485 1056 1509 eum
1091 1478 1123 1509 et
1152 1475 1293 1520 projice
1325 1475 1389 1510 als
1415 1478 1460 1518 te,
1491 1473 1702 1519 separando
1738 1483 1760 1509 a

978 1523 1168 1558 societate.
1190 1524 1341 1562 Bonum,
1361 1522 1397 1557 id
1419 1526 1475 1557 est
1495 1521 1599 1564 utile,
1621 1521 1690 1556 tibi
1707 1523 1759 1556 est

978 1580 1057 1604 cum
1083 1581 1150 1604 imo
1171 1571 1285 1610 oculo,
1309 1569 1451 1605 scilicet
1472 1568 1631 1615 simplici
1658 1566 1758 1602 veri-

978 1620 1121 1660 tale‚ut
1136 1616 1291 1652 nonnisi
1308 1620 1409 1653 tuam
1428 1616 1547 1663 ipsius
1562 1614 1759 1662 providen-

978 1663 1084 1707 tiam,
1103 1675 1146 1700 ac
1168 1664 1362 1700 consilium
1387 1668 1422 1700 et
1446 1662 1759 1711 gubernationem

979 1711 1133 1754 habeas,
1156 1714 1195 1748 in
1218 1714 1333 1747 vitam
1354 1714 1505 1747 intrav-022
1531 1721 1641 1756 quam
1669 1710 1759 1746 duos

979 1759 1100 1794 oculos
1120 1760 1320 1800 habentem,
1336 1759 1373 1795 id
1394 1764 1449 1794 est
1469 1758 1656 1812 duplicem
1675 1768 1759 1804 pro-

981 1807 1180 1849 visionem,
1195 1807 1251 1842 vel
1273 1806 1409 1852 duplex
1431 1806 1643 1849 consilium,
1660 1804 1760 1840 scili-

982 1856 1040 1889 cet
1063 1853 1240 1900 tuiipsius
1267 1858 1304 1890 et
1337 1852 1425 1889 mali
1458 1852 1582 1897 amici,
1603 1854 1702 1888 micci
1722 1853 1760 1888 in

981 1902 1179 1946 §chemlam
1203 1903 1315 1945 ionis.
1343 1901 1557 1937 Secundum
1577 1900 1760 1944 Augusti-

981 1959 1080 1987 mcm‚
1092 1958 1159 1995 per
1171 1949 1318 1984 oculum
1332 1947 1762 1994 intelliginuisdilectum

983 1995 1145 2032 amicum
1161 1994 1430 2040 consiliarium,
1444 1995 1532 2041 quia
1549 1994 1679 2030 oculus
1692 1996 1762 2030 iter

984 2043 1245 2087 demonstrat3
1271 2043 1371 2089 quod
1410 2053 1499 2078 vero
1535 2042 1664 2078 dexter
1691 2043 1760 2086 est,

983 2089 1204 2134 intelligitur
1221 2089 1459 2126 consiliarius
1480 2089 1517 2125 in
1534 2090 1646 2126 rebus
1667 2087 1760 2124 divi-

984 2136 1067 2180 nis;
1091 2136 1244 2173 sinister
1262 2139 1387 2172 autem
1411 2136 1541 2172 oculus
1561 2139 1616 2173 est
1637 2134 1760 2171 consi-

984 2184 1112 2220 liarius
1130 2183 1168 2219 in
1185 2183 1360 2219 terrenis.
1381 2185 1426 2220 Ut
1444 2184 1489 2220 sit
1509 2184 1576 2219 iste
1596 2193 1727 2219 sensus
1750 2194 1758 2220 :

983 2231 1171 2277 Quidquid
1191 2231 1282 2268 illud
1300 2235 1357 2267 est
1375 2231 1474 2277 quod
1492 2230 1544 2267 ita
1563 2229 1701 2277 diligis,
1720 2232 1762 2266 ut

987 2289 1051 2323 pro
1073 2279 1225 2315 dextero
1250 2279 1356 2314 oculo
1380 2279 1532 2323 habeas,
1557 2278 1586 2314 si
1607 2277 1762 2313 scanda-

984 2325 1070 2362 lizat
1085 2329 1135 2370 te,
1150 2325 1187 2361 id
1203 2329 1271 2366 ost,
1291 2326 1320 2360 si
1338 2325 1606 2371 impedimento
1622 2323 1761 2361 esttibi

984 2374 1031 2409 ad
1061 2383 1187 2409 veram
1223 2372 1507 2418 beatitudinem,
1531 2384 1620 2409 erue
1647 2371 1762 2408 etiam

984 2423 1020 2456 et
1052 2420 1193 2467 projice
1228 2421 1295 2456 abs
1329 2423 1366 2455 te
1384 2432 1391 2463 ;
1427 2421 1515 2465 quia
1547 2418 1762 2456 occasiones

983 2467 1164 2514 peccandi
1193 2470 1279 2503 sunt
1303 2467 1502 2511 fugiendae.
1527 2468 1578 2503 De
1608 2466 1760 2502 sinistro

984 2519 1111 2551 autem
1122 2515 1227 2551 oculo
1240 2514 1518 2550 scandalizante
1530 2514 1762 2560 superfluum

985 2565 1056 2598 erit
1069 2561 1209 2606 dicere,
1221 2562 1369 2608 quando
1382 2561 1531 2608 quidem
1546 2572 1612 2597 nec
1631 2561 1760 2597 dextro

983 2610 1215 2656 parcendum
1227 2612 1296 2645 est.
1315 2611 1469 2644 Dextera
1485 2612 1611 2645 autem
1627 2618 1761 2644 manus

985 2656 1168 2702 accipitur
1200 2656 1355 2692 dilectus
1379 2656 1528 2703 adJutor
1556 2656 1594 2692 in
1625 2655 1762 2693 divinis

984 2704 1175 2750 operibus,
1196 2714 1279 2750 quae
1312 2703 1398 2740 huic
1430 2705 1515 2740 vitaz·
1545 2706 1581 2739 et
1612 2704 1761 2750 corpori

983 2754 1069 2788 sunt
1092 2752 1317 2788 necessaria.
1347 2750 1526 2788 Similiter
1553 2762 1619 2787 suo
1646 2751 1759 2788 modo

985 2803 1041 2835 est
1060 2799 1106 2835 de
1129 2798 1224 2846 pede
1245 2799 1389 2835 dextro.
