1855 3139
299 189 349 225 1)OE
387 189 730 223 EXHORTATIONE
769 191 823 222 Al)
862 190 1132 229 sentimenti
1171 190 1423 230 elltttsrurl,

969 259 1109 307 jungit,
1123 270 1187 296 eos
1203 260 1430 296 consolando
1448 262 1583 297 :Amen
1602 262 1682 297 dico
1697 268 1758 297 vo·

116 262 342 304 terreantur,
354 259 439 295 ideo
452 258 622 296 tristibus
638 259 724 295 laeta
739 259 896 305 subjun-

116 308 184 353 git,
197 308 326 344 dicens
339 308 476 342 :Filius
491 309 585 342 enim
597 309 768 347 hominis,
780 306 816 342 id
843 309 899 342 est

116 354 293 401 Virginis,
317 353 380 400 qui
402 353 453 390 ita
478 365 516 390 se
537 357 644 390 vocat
664 358 818 400 propter
841 356 897 390 sui

115 401 896 448 humilitatem,proptercarnisvoritatem,

114 454 268 496 propter
288 450 418 485 Matris
446 449 665 495 puritatem,
702 449 779 485 sive
802 449 898 485 inte-

113 497 306 543 gritatem,
322 500 498 532 venturus
516 500 568 532 est
589 497 637 533 ad
650 496 899 543 judicandum

115 546 259 586 orbem,
283 547 321 579 in
347 546 468 588 ,qloria
495 546 620 580 Patris
650 547 708 580 sui
725 556 804 580 cum
824 546 900 580 An-

113 594 205 637 qelz's
219 593 307 635 suis,
320 591 490 627 informa
499 591 599 627 enim
614 591 780 638 gloriosa
793 591 898 637 judi-

113 639 266 683 cahit,et
277 638 338 684 qui
351 638 456 685 prius
471 639 575 675 venit
591 639 897 683 humilis,ventu-

113 698 178 723 rus
201 691 258 723 est
270 697 337 732 per
359 685 705 722 manifestationem
719 686 846 732 gloriae
861 689 899 722 et

113 734 282 778 virtutis3
306 737 339 769 et
355 737 440 769 tunc
456 735 595 779 reddet,
616 734 695 771 sine
717 734 897 778 temporis

113 782 309 826 dilatione,
322 783 534 826 unicuiqae,
546 783 627 818 sine
650 792 897 827 personarum

112 828 353 876 acceptione,
395 828 458 864 ubi
496 840 574 864 non
611 840 773 875 persona
788 857 796 873 ‚
830 830 897 865 sed

112 888 228 924 opera
250 874 565 920 considerantum
589 876 687 912 unde
712 875 894 922 sequitur,

111 925 308 961 secundum
320 934 430 968 opera
439 924 532 969 ejus,
543 923 622 960 sine
633 923 895 969 diminutione,

108 973 220 1018 Justis
241 970 394 1017 quidem
415 971 629 1018 praemium,
652 971 794 1007 scilicet
814 972 895 1017 glo-

110 1019 205 1055 riam
231 1018 368 1055 animae
390 1022 427 1054 et
452 1019 638 1064 corporis;
662 1018 746 1055 aliis
767 1023 894 1055 autem

111 1066 352 1113 supplicium,
364 1065 506 1102 scilicet
517 1077 665 1113 poenam
680 1066 892 1113 utriusque.

111 1114 177 1150 Hic
213 1120 270 1150 est
301 1112 406 1150 locus
438 1113 610 1150 merendi
643 1118 679 1150 et
705 1114 893 1150 liberandi

110 1161 301 1206 animam,
332 1161 382 1197 ihi
410 1161 583 1198 mittendi
611 1165 648 1197 et
670 1161 892 1208 recipiendi,

110 1210 317 1246 secundum
346 1208 494 1245 merita.
523 1209 683 1245 Ambula
704 1209 777 1253 hic,
805 1210 893 1245 dum

110 1256 233 1293 lucem
254 1258 386 1301 habes,
406 1268 451 1293 ne
472 1256 523 1293 ihi
544 1258 709 1292 tenehrae
733 1260 768 1293 te
790 1268 893 1292 com-

110 1305 362 1349 prehendant.
387 1303 542 1350 Suscipe
566 1303 626 1339 hic
654 1308 829 1347 mortem,
854 1308 894 1340 ut

107 1351 159 1388 ibi
181 1353 364 1398 suspicias
384 1352 499 1388 vitam
521 1351 793 1389 immortalem.
810 1351 893 1387 Noli

111 1398 256 1445 timere,
273 1401 360 1446 quia
379 1399 552 1436 tristibus
570 1399 655 1435 laeta
671 1400 890 1435 succedunt.

110 1446 232 1482 Times
257 1453 432 1491 mortem,
455 1447 541 1482 audi
569 1446 728 1492 gloriam
748 1446 889 1492 ¹trium-

108 1495 286 1540 phantis3
327 1494 469 1531 vereris
511 1505 659 1530 crucem
674 1522 683 1538 ,
721 1494 893 1530 ausculta

107 1542 339 1587 Angelorum
357 1540 579 1578 ministeria.
596 1542 756 1578 Attende
777 1545 813 1578 et
832 1541 893 1578 hic

108 1589 263 1625 verbum
296 1590 491 1630 Bernardi,
518 1588 580 1635 qui
615 1589 705 1625 dicit
737 1601 744 1625 :
779 1602 797 1623 «
829 1588 892 1626 Vis

109 1636 204 1672 scire
225 1647 309 1683 quae
327 1638 467 1674 debeas
482 1639 573 1673 Jesu
588 1636 891 1674 Christo?Debes

108 1685 143 1720 ei
162 1683 278 1720 vitam
292 1689 395 1721 tuam
413 1696 421 1729 3
442 1684 531 1730 quia
546 1684 626 1731 ipse
648 1684 762 1720 vitam
785 1696 891 1720 suam

106 1731 233 1777 posuit
251 1743 318 1778 pro
337 1736 415 1769 tua.
438 1745 456 1765 »
480 1733 523 1767 Et
541 1732 630 1778 quia
648 1732 763 1768 rudes
781 1735 892 1768 erant

56 1784 61 1788 '
105 1779 289 1825 Apostoli,
310 1791 355 1815 ne
378 1790 465 1816 eum
484 1778 536 1815 sic
559 1782 759 1816 venturum
781 1779 890 1815 dubi-

107 1828 246 1871 tarent,
266 1831 303 1862 et
323 1826 471 1872 fatigati
493 1826 770 1872 exspectatione
794 1827 891 1862 defi·

108 1877 250 1918 cerent,
264 1874 500 1919 promittitur
512 1873 551 1908 in
571 1873 746 1918 praesenti
762 1885 892 1910 conso-

106 1920 211 1965 latio,
244 1924 286 1956 ut
325 1921 436 1957 citius
475 1921 631 1956 credant
666 1921 713 1956 de
749 1921 886 1957 futuro.

107 1969 211 2004 Unde
228 1969 350 2004 bonus
363 1968 554 2014 Magister,
566 1979 613 2008 ne
625 1967 797 2014 discipuli
808 1970 889 2004 des-

1466 193 1557 229 ETC.
1721 191 1756 224 15

976 308 1043 351 bis,
1066 310 1105 343 ut
1139 307 1261 343 securi
1283 307 1416 343 dehoc
1438 307 1534 352 sitis,
1569 313 1652 344 sunt
1674 310 1757 355 «μα’-

974 351 1059 390 clam
1086 356 1128 390 cle
1165 357 1223 391 hie
1257 356 1440 390 sumtibus
1461 355 1668 401 discipulis,
1691 358 1756 401 qul

973 414 1044 438 ηοη
1076 404 1276 447 gustabunt
1312 406 1463 438 mortem
1495 403 1757 447 temporalem,

975 461 1057 495 quae
1075 454 1131 486 cst
1149 450 1303 495 quidam
1319 453 1452 495 gustus
1473 453 1646 495 respectu
1664 461 1759 485 mor-

974 497 1021 533 tis
1042 501 1208 542 aeternae,
1232 498 1286 533 vel
1311 501 1442 543 gustus
1466 497 1616 541 dicitur,
1639 508 1759 543 quan-

972 548 1054 580 tum
1071 545 1120 582 ad
1142 546 1275 591 bonos,
1297 544 1359 590 qui
1379 556 1455 581 non
1476 548 1699 591 permanent
1722 544 1760 580 in

974 596 1117 637 morte;
1139 594 1250 628 donec
1270 593 1431 636 videant,
1449 591 1567 628 oculis
1586 602 1760 637 corpora-

973 639 1085 684 libus,
1124 642 1261 677 Filz'um
1301 641 1458 676 hominis
1496 642 1694 675 venientem
1721 641 1760 675 in

973 698 1082 731 regino
1097 698 1175 727 suo,
1191 687 1229 723 id
1248 690 1304 724 est
1322 686 1360 723 in
1379 699 1424 724 ca
1441 687 1613 723 claritate
1634 686 1757 731 regni,

974 745 1088 780 quam
1124 735 1281 771 habebit
1319 746 1402 771 cum
1435 735 1483 770 ad
1512 734 1758 778 judicandum

973 782 1111 825 veniet,
1132 786 1172 818 ut
1191 782 1311 828 qualis
1334 785 1392 818 est
1412 785 1591 818 venturus
1612 785 1755 828 postea,

972 829 1151 875 praesenti
1169 840 1318 876 quoque
1337 833 1507 876 tempore
1527 829 1758 865 demonstre-

972 880 1033 913 tur
1061 880 1098 913 et
1124 882 1305 923 appareat
1329 889 1336 913 :
1366 878 1436 913 hoc
1457 880 1513 913 est
1545 877 1667 913 donec
1699 875 1755 912 vi-

972 925 1086 961 deant
1133 925 1419 961 similitudinem
1466 924 1598 971 gloriae
1643 934 1756 970 quam

971 983 1131 1018 corpora
1174 973 1393 1017 electorum,
1429 975 1491 1019 qui
1531 982 1617 1008 eum
1656 983 1754 1007 nunc

971 1021 1197 1056 confitentur
1213 1048 1222 1065 ,
1262 1021 1457 1057 habebunt
1504 1019 1541 1055 in
1590 1018 1757 1055 Ecclesia

969 1067 1243 1114 triumphante,
1281 1071 1322 1104 ut
1361 1078 1428 1114 per
1468 1068 1539 1103 hoc
1584 1070 1756 1113 speretur

969 1118 1113 1151 aeterna
1134 1116 1261 1151 sutura
1281 1114 1319 1151 in
1339 1126 1392 1151 re.
1408 1115 1528 1158 Unde,
1546 1114 1755 1150 secundum

971 1163 1149 1204 (Hos-iam,
1170 1162 1210 1198 in
1231 1173 1387 1209 corpore
1412 1161 1562 1198 mortali
1591 1161 1757 1197 ostendit

969 1209 1022 1245 eis
1045 1221 1120 1246 non
1148 1209 1488 1253 immortalitatem,
1512 1210 1575 1245 sed
1603 1210 1754 1245 clarita-

969 1260 1045 1293 tem
1076 1258 1212 1294 futurae
1250 1256 1527 1293 immortalitati
1564 1256 1754 1301 similem;

969 1307 1006 1340 et
1035 1305 1089 1341 ita
1115 1317 1245 1342 sensus
1273 1308 1341 1349 est,
1364 1305 1483 1341 donec
1510 1303 1665 1340 videant
1693 1315 1755 1340 re-

968 1363 1085 1398 gnum
1131 1352 1197 1388 Dei
1214 1381 1223 1398 ,
1266 1352 1304 1388 id
1344 1356 1401 1388 est
1440 1351 1755 1397 imaginationem

968 1399 1098 1445 gloriae
1130 1398 1238 1447 regni
1274 1399 1353 1436 Dei.
1383 1401 1474 1436 Cum
1512 1399 1659 1434 Christo
1693 1397 1754 1434 hic

967 1450 1109 1483 stantes
1137 1451 1224 1483 sunt
1245 1447 1283 1482 in
1309 1450 1408 1483 statu
1428 1446 1576 1493 gratias,
1599 1444 1661 1492 qui
1685 1456 1752 1492 pro

967 1494 1048 1541 ipso
1069 1494 1254 1539 patienter
1272 1494 1466 1540 passiones
1488 1493 1693 1537 sustinent,
1715 1497 1753 1529 et

966 1541 1027 1578 isti
1058 1546 1220 1578 mortem
1242 1544 1361 1588 culpae
1388 1542 1445 1578 vel
1468 1542 1653 1588 gehennae
1675 1551 1751 1576 non

966 1592 1134 1636 gustant,
1176 1590 1241 1626 sed
1283 1601 1367 1626 cum
1399 1589 1480 1636 ipso
1517 1590 1562 1625 ad
1590 1587 1751 1635 gloriam

967 1640 1149 1673 aeternam
1170 1640 1381 1674 transeunt.
1406 1639 1509 1673 Hanc
1532 1635 1634 1683 piam
1664 1646 1751 1681 pro-

966 1684 1186 1721 missionem
1219 1685 1275 1721 eis
1312 1684 1413 1729 fecit,
1436 1688 1489 1729 ut,
1525 1695 1593 1730 per
1630 1682 1750 1719 visam

966 1732 1126 1778 gloriam
1146 1734 1280 1769 t'uturae
1295 1731 1588 1769 resurrectionis
1609 1734 1646 1766 et
1664 1742 1751 1766 con-

966 1780 1251 1826 templationem
1287 1780 1415 1827 gaudii
1450 1778 1653 1820 manentis,
1687 1778 1750 1814 ad-

965 1838 1073 1863 versa
1084 1828 1313 1864 transeuntis
1327 1826 1441 1864 seculi
1454 1826 1586 1863 fortius
1596 1826 1751 1861 terenda

963 1875 1166 1911 animaret.
1178 1876 1371 1911 Visionem
1386 1878 1511 1911 autem
1523 1873 1750 1920 promissam

965 1921 1122 1967 distulit,
1143 1926 1184 1958 ut
1205 1933 1287 1958 eam
1312 1921 1575 1958 vehementius
1601 1920 1748 1956 deside-

964 1973 1108 2014 rarent,
1129 1974 1167 2005 et
1198 1969 1453 2006 desideratam
1488 1968 1608 2015 magis
1637 1978 1746 2004 acce-

103 2014 300 2061 peratione
319 2016 559 2062 frangantur,
576 2019 640 2052 aut
656 2016 782 2062 taedio,
806 2017 894 2053 sub·
962 2020 1127 2063 ptarent,
1150 2019 1263 2063 atque
1287 2020 1435 2064 gratam
1455 2016 1655 2054 haherent.

841 2159 1013 2196 ORATIO

152 2279 310 2315 Domine
327 2280 417 2316 Jesu
439 2276 599 2322 Christe,
619 2277 668 2314 da
683 2276 775 2313 mihi
796 2279 838 2313 ut
857 2277 1042 2322 meipsum
1063 2277 1116 2314 sic
1138 2279 1339 2326 abnegem,
1357 2280 1472 2326 quud,
1493 2279 1532 2317 in
1553 2281 1743 2327 prosperi-

103 2329 180 2363 tate
199 2331 236 2362 et
255 2326 293 2362 in
312 2326 485 2363 omnibus
506 2336 591 2372 quae
610 2324 872 2370 temporaliter
890 2325 1095 2371 delectant,
1118 2337 1140 2363 a
1160 2327 1258 2363 malo
1279 2328 1478 2373 declinem,
1495 2331 1531 2364 et
1551 2328 1646 2364 nihil
1667 2329 1741 2365 nisi

104 2374 288 2410 honorem
303 2378 407 2410 tuum
423 2384 608 2419 quaeram3
632 2383 803 2419 meaeque
822 2372 1003 2408 voluntati
1024 2376 1257 2419 renuntians,
1271 2374 1338 2410 tihi
1361 2378 1396 2411 et
1411 2379 1566 2422 propter
1582 2379 1618 2412 te
1639 2375 1743 2412 omni

102 2424 283 2457 creaturae
317 2421 505 2458 obediam.
528 2422 582 2456 Da
618 2420 730 2456 etiam
766 2419 870 2464 mihi,
896 2422 935 2456 ut
957 2420 1086 2457 tollam
1120 2433 1271 2458 crucem
1299 2433 1435 2467 meam,
1456 2423 1680 2459 afflictiones
1704 2427 1742 2460 et

103 2469 342 2515 poenalitates
361 2480 429 2515 per
449 2479 509 2504 me
531 2467 744 2504 voluntarie
766 2468 1007 2513 assumendo,
1030 2471 1066 2504 et
1086 2469 1133 2505 ab
1164 2470 1246 2505 aliis
1272 2469 1395 2506 illatas
1419 2472 1608 2517 patienter
1628 2470 1740 2506 susti-

104 2516 245 2561 nendo,
272 2527 315 2552 ac
347 2515 527 2562 proximis
553 2515 591 2550 in
622 2515 906 2552 necessitatibus
938 2515 1217 2562 compatiendo,
1251 2520 1286 2553 et
1312 2517 1351 2553 in
1381 2517 1483 2553 omni
1511 2518 1739 2554 adversitate

102 2562 240 2599 bonum
263 2564 386 2600 facere
414 2575 489 2599 non
510 2562 740 2599 desistendo.
764 2564 819 2598 Da
842 2561 955 2598 etiam
976 2563 1083 2608 mihi,
1105 2567 1146 2600 ut
1159 2567 1196 2600 te
1217 2575 1367 2611 sequar,
1396 2565 1554 2611 vestigia
1573 2568 1637 2601 tua
1656 2565 1739 2601 imi-

102 2611 242 2655 tando;
265 2615 301 2647 et
320 2614 396 2647 tuae
426 2610 512 2647 vitae
541 2621 602 2647 me
622 2610 908 2656 conformando,
929 2613 1012 2656 post
1037 2614 1075 2647 te
1095 2611 1247 2649 veniam
1275 2613 1321 2649 ad
1346 2623 1548 2660 supernam
1574 2612 1739 2659 patriam

103 2657 364 2705 pertingendo.
383 2660 515 2696 Amen.
821 2669 824 2672 ’
