1907 3139
171 224 230 260 194

174 293 272 329 hanc
304 291 427 334 scire;
455 291 493 325 et
526 298 595 335 per
621 295 858 332 consequens
887 295 948 321 me

173 350 251 377 non
267 337 559 386 reprehendere.
578 334 646 371 Ubi
666 333 767 370 idem
787 334 948 377 Chryso-

174 390 337 424 stomus:
361 398 378 417 «ι
414 382 660 431 Intelligimus
678 380 766 428 quia
785 379 947 415 infantes

176 434 411 474 dicebantur,
438 441 515 467 non
535 433 659 473 aetate,
680 428 744 464 sed
759 425 946 471 simplici-

176 483 254 519 tate
272 479 408 518 corilis.
437 478 602 515 Infantes
632 477 732 512 enim
766 475 947 510 lactentes

174 540 245 566 nec
263 527 476 573 intelligere
495 524 674 571 aliquem,
696 532 766 575 nec
792 521 947 557 laudare
986 542 988 591 ν

174 579 343 624 possunt.
368 575 561 610 Lactentes
589 570 689 607 enim
710 570 946 613 dicebantur,

176 623 355 671 quoniam
391 620 497 668 quasi
530 618 636 654 lactis
658 616 857 661 suavitate,
895 615 948 651 ita
985 595 988 668 Ι

174 669 406 707 mirabilium
429 665 677 704 delectatione
695 665 856 707 excitati,
875 662 946 698 cli·
985 669 987 706 ι

175 719 331 755 mebant
353 716 448 752 sicut
471 715 654 760 scriptum
670 715 724 748 est
746 722 754 746 :
783 711 854 747 Sed
874 720 945 745 eoe—
984 710 987 746 l

175 766 293 802 attavi
308 765 469 800 animam
478 771 613 804 meam;
632 758 945 795 sicutablactatus

176 816 354 860 estsuper
385 813 502 847 matre
533 819 615 853 sua,
638 811 709 844 etc.
743 807 815 842 Lac
843 804 945 842 enirn

623 214 829 251 SECUNDAE
866 214 1023 249 PARTIS
1061 213 1198 248 CAPUT
1236 211 1337 245 XXX

1027 283 1164 320 dIcitur
1191 291 1284 327 opus
1308 278 1592 322 miraculorum,
1615 277 1702 323 quia
1727 277 1805 313 mi-

1022 330 1152 367 racula
1189 328 1336 365 nullum
1374 326 1545 362 laborem
1584 324 1807 361 videntibus

1021 380 1182 425 ponunt,
1219 375 1286 412 sed
1334 373 1506 409 videntes
1554 371 1809 409 admiratione

1021 426 1221 464 delectant,
1244 425 1280 458 et
1302 421 1349 458 ad
1366 421 1479 456 fidem
1506 419 1673 456 molliter
1701 418 1808 454 invi—

1021 475 1115 509 tant.
1137 469 1250 507 Panis
1277 472 1403 505 autem
1433 470 1488 504 est
1515 466 1688 503 doctrIna
1712 476 1808 512 per-

1023 520 1131 556 fectae
1164 517 1337 565 justitste,
1369 525 1482 561 quain
1520 513 1692 560 accipere
1732 523 1810 548 non

1022 569 1190 613 possunt,
1215 564 1287 600 nisi
1315 562 1507 599 exercitati
1539 571 1675 596 sensus
1706 559 1810 596 circa

1021 625 1083 650 res
1104 611 1317 659 spirituales
1339 622 1347 645 z
1374 623 1391 643 »
1411 610 1491 644 haee
1519 609 1809 653 Chrysostomus.

1022 663 1066 697 Et
1084 659 1208 696 omnis
1226 657 1383 704 simplex
1404 655 1589 699 doctrina,
1601 654 1811 691 secundum

1020 707 1257 755 Apostolum,
1274 705 1331 741 lac
1353 703 1503 747 dicitur,
1520 702 1610 749 quia
1630 702 1806 747 delectat,

984 758 985 795 ζ
1022 759 1057 791 et
1078 754 1240 791 faciliter
1261 751 1420 799 capitur.
1444 750 1543 788 sicut
1563 750 1622 787 lac
1642 749 1722 786 sine
1742 749 1811 785 do-

984 806 985 826 l
1021 803 1102 840 lore
1126 800 1295 839 dentium
1317 798 1475 846 sugitur.

917 911 1087 950 ORATIO

226 1013 408 1053 Generale
426 1012 582 1049 terrorIS
599 1011 667 1056 tui,
690 1009 865 1054 Domine,
895 1007 1044 1053 signnm
1067 1004 1202 1049 fecisti,
1225 1003 1376 1050 quando
1399 1004 1546 1050 flagello
1571 1002 1617 1039 tle
1636 999 1815 1038 funiculis

178 1064 290 1107 facto,
313 1071 443 1097 omnes
462 1060 508 1096 de
528 1062 666 1105 templo
695 1056 850 1104 ejecisti,
871 1054 1113 1102 prielendens
1139 1052 1177 1087 in
1200 1051 1531 1097 oculisjlainmain
1551 1054 1624 1087 tuae
1643 1047 1814 1084 divinita-

179 1110 243 1155 tis,
262 1119 397 1156 precor
412 1110 449 1143 et
467 1108 638 1146 obsecro,
659 1104 830 1148 Domine,
854 1107 908 1146 te,
932 1103 980 1138 da
1000 1100 1089 1136 milii
1112 1103 1147 1135 tc
1166 1098 1374 1134 terribilem
1396 1104 1623 1144 praesentem
1645 1094 1813 1131 attende-

178 1169 233 1201 re,
260 1160 301 1193 ut
325 1158 453 1192 sancto
477 1158 514 1190 te
539 1154 693 1189 timeam
720 1152 868 1187 timore.
898 1152 1032 1195 Magna
1061 1148 1162 1183 enim
1193 1148 1277 1181 sunt
1307 1145 1451 1191 judicia
1477 1151 1553 1189 tna,
1580 1141 1752 1185 Domine,
1777 1145 1814 1177 et

181 1201 455 1246 inscrutabilia,
477 1212 575 1247 quae,
594 1211 680 1237 cuin
702 1198 911 1236 considero.
935 1195 1228 1232 contremiscunt
1252 1192 1379 1229 onmia
1401 1205 1487 1230 ossa
1505 1205 1608 1238 inea;
1633 1189 1814 1236 quonlam

178 1263 255 1289 non
272 1253 466 1287 securatur
485 1252 596 1285 nomo
617 1247 747 1283 vivens
766 1256 879 1293 super
896 1248 1049 1287 terram,
1079 1241 1145 1278 sed
1166 1240 1205 1276 in
1225 1240 1391 1276 futui-uin
1419 1241 1546 1278 omnia
1573 1239 1815 1278 reservantur

177 1299 334 1341 incerta,
356 1300 397 1334 ut
422 1306 571 1342 semper
592 1294 802 1332 serviamus
830 1290 914 1337 tibi,
937 1291 994 1338 pie
1014 1293 1051 1326 et
1071 1292 1172 1326 caste
1199 1287 1237 1323 in
1261 1287 1410 1330 timore,
1437 1292 1473 1325 et
1499 1290 1726 1326 exsultemus
1744 1282 1813 1320 tibi

180 1357 267 1385 cum
286 1349 465 1383 tremore.
485 1344 618 1380 Amen.

832 1550 1016 1598 CAPUT
1052 1548 1180 1595 XXX

339 1697 389 1725 DE
415 1694 571 1724 DUOBUS
606 1691 770 1722 MINUTIS
798 1690 941 1726 VIDUAE,
974 1689 1024 1717 ΕΤ
1052 1687 1102 1715 DE
1142 1685 1335 1715 PHARISAEI
1366 1685 1414 1713 ET
1443 1684 1648 1714 PUBLICANI

888 1741 1100 1772 ORATIONE.

527 1853 642 1891 Marci
667 1863 749 1900 cap.
771 1852 835 1888 XII
860 1853 898 1887 et
924 1850 1032 1885 Lucae
1057 1855 1139 1893 cap.
1163 1844 1275 1882 XVIII
1296 1846 1332 1881 et
1355 1845 1443 1880 XXI.

235 2001 247 2023 1
267 1985 345 2021 Duo
366 1994 500 2019 MiNuTA
519 1993 637 2019 vinum
652 1992 758 2017 inicis
775 1992 797 2017 A
813 1981 889 2016 Deo
911 1990 971 2016 Ac-

151 2075 155 2080 ,
184 2044 296 2069 curm
324 2043 420 2072 Quini
440 2042 585 2066 Diviruii
604 2040 839 2066 oenirioxizs.
860 2049 905 2053 --
926 2029 974 2062 Et

188 2081 317 2116 sedens
355 2080 457 2115 =lesus
493 2081 619 2113 contra
647 2076 971 2123 yazophymciicm,

188 2126 230 2163 id
249 2129 305 2163 est
325 2124 543 2162 divitiarum
561 2123 846 2171 repositorium,
875 2123 973 2167 cispi—

188 2175 307 2210 ciebat
334 2173 510 2218 quomodo
541 2173 649 2207 turba
675 2172 834 2216 jactaret
859 2180 905 2205 aes
935 2170 973 2204 ἱη

188 2220 511 2267 qazophylacium.
547 2222 583 2254 et
616 2223 773 2264 poneret
814 2226 971 2253 munera

193 2278 275 2311 sua,
303 2266 341 2303 id
365 2270 422 2302 est
449 2265 662 2301 oblationes
696 2265 735 2300 in
759 2264 864 2300 illud.
884 2265 971 2298 Erat

190 2319 318 2351 autem
355 2312 662 2360 gazophylacium
694 2322 782 2348 arca
802 2312 971 2347 foramen

191 2362 354 2407 desuper
376 2361 536 2404 habens,
555 2360 662 2406 juxta
680 2360 799 2396 altare
819 2358 866 2394 ad
886 2358 970 2393 dex-

188 2413 310 2445 teram
335 2407 471 2454 posita,
496 2408 532 2442 in
559 2418 635 2453 qua
663 2406 895 2448 mittebatur,
933 2406 969 2439 et

191 2455 414 2492 servabatur
430 2455 589 2501 pecunia
603 2465 671 2501 pro
693 2451 969 2489 sustentatione

189 2501 437 2539 aedificiorum
463 2501 607 2547 templi,
635 2504 670 2537 et
693 2511 758 2546 pro
780 2499 862 2535 aliis
884 2509 967 2544 quae

189 2552 296 2586 erant
316 2548 363 2601 ad
382 2548 563 2594 templum
584 2552 621 2584 et
640 2547 890 2583 ministerium
904 2556 966 2581 ne-

187 2606 375 2639 cessaria;
398 2605 466 2630 nec
489 2605 563 2630 non
584 2594 813 2641 pauperibus
841 2596 877 2628 et
902 2591 965 2627 vi-

190 2644 275 2681 duis
297 2642 386 2678 inde
407 2642 698 2686 nutriendis,ae
725 2652 792 2694 pro
830 2650 964 2675 sacer-

187 2690 341 2728 dotibus
373 2693 410 2725 et
444 2687 637 2724 ministris.
658 2688 802 2724 Dicitur
838 2690 965 2723 autem

187 2735 502 2785 gazophylacium
533 2735 713 2781 porticus,
762 2735 824 2771 ubi
868 2733 963 2769 tales

190 2796 287 2822 arcae
314 2787 352 2820 et
371 2782 584 2819 oblationes
615 2782 892 2826 servabantur3
916 2780 961 2816 de

190 2843 264 2880 quo
286 2830 398 2868 etiam
414 2828 503 2867 alibi
525 2829 565 2866 in
579 2828 780 2876 Evangelio
798 2828 959 2865 dicitur:

1040 1977 1124 2012 Haec
1144 1974 1283 2010 locutus
1309 1976 1361 2009 est
1390 1975 1492 2009 Jesus
1519 1975 1558 2009 in
1587 1974 1814 2019 qazophyla-

1042 2025 1110 2066 cio,
1130 2022 1259 2057 docens
1281 2022 1318 2056 z'n
1334 2021 1479 2066 templo.
1495 2021 1600 2058 Unde
1620 2021 1672 2057 ait
1687 2021 1785 2056 Beda
1803 2032 1813 2057 t

1043 2086 1060 2108 «
1095 2074 1201 2126 Quia,
1230 2083 1403 2110 sermone
1431 2074 1559 2110 Graeco
1591 2073 1718 2121 φυλακή
1741 2085 1816 2110 ser-

1040 2123 1440 2173 vare-interpretatur,
1475 2124 1512 2156 et
1540 2133 1646 2166 gaza,
1685 2123 1816 2169 lingua

1041 2170 1204 2220 Persica,
1221 2167 1360 2203 divitiae
1384 2172 1576 2212 vocantur,
1593 2169 1815 2216 gazophyla-

1041 2226 1138 2268 cium
1164 2215 1265 2250 locus
1286 2215 1466 2261 appellari
1495 2216 1604 2260 solet,
1626 2227 1700 2261 quo
1725 2215 1814 2253 divi-

1040 2265 1101 2315 tiae
1117 2265 1314 2297 servantur
1330 2274 1338 2305 ;
1357 2273 1428 2308 quo
1446 2263 1598 2299 nomine
1618 2266 1654 2300 et
1671 2273 1814 2308 arcam,

1039 2321 1078 2345 in
1098 2319 1172 2355 qua
1197 2309 1356 2345 donaria
1374 2310 1499 2356 populi
1522 2313 1815 2359 congri-gaban-

1038 2359 1100 2409 tiir
1114 2356 1160 2409 ad
1177 2367 1263 2392 usus
1279 2357 1409 2403 templi
1425 2356 1718 2406 neressarios‚et
1731 2367 1814 2404 por-

1036 2406 1131 2439 ticus
1149 2413 1186 2438 in
1212 2404 1348 2448 quilius
1369 2405 1630 2448 servabantur,
1653 2404 1815 2452 appella-

1035 2451 1130 2503 lJant
1151 2461 1158 2485 z
1181 2462 1198 2483 »
1232 2451 1314 2485 lifec
1345 2451 1456 2486 Beda.
1482 2454 1529 2487 Et
1551 2453 1659 2488 multi
1683 2453 1816 2489 divites

1031 2497 1227 2543 jactabant
1247 2498 1375 2532 multa.
1393 2499 1625 2534 Viclz'tautcm
1641 2503 1673 2535 et
1691 2509 1815 2545 quam-

1035 2545 1117 2580 dam
1140 2544 1290 2579 viduam
1324 2547 1586 2590 pauperculam
1612 2549 1815 2583 mittentem

1033 2603 1105 2628 ῶνα
1122 2592 1265 2626 minum
1287 2591 1371 2633 cluo,
1398 2591 1435 2627 id
1458 2596 1511 2628 est
1527 2593 1620 2630 duos
1640 2602 1814 2630 nummos

1034 2649 1168 2682 aereos,
1203 2638 1370 2674 valentes
1405 2650 1517 2676 unum
1552 2641 1814 2686 quadrantem,

1033 2696 1098 2722 seu
1115 2689 1287 2737 quartam
1305 2689 1450 2732 partem
1463 2686 1557 2727 sicli,
1573 2687 1714 2723 scilicet
1727 2687 1814 2723 obo-

1031 2733 1088 2786 los
1110 2742 1276 2778 quinquo
1293 2760 1302 2776 ,
1329 2744 1420 2779 quos
1442 2744 1522 2770 rum
1547 2734 1747 2772 sudoribus
1765 2733 1814 2769 ad

1032 2779 1410 2832 diuturnum-victum
1425 2780 1675 2827 acquisierat3
1695 2783 1743 2818 Et
1760 2780 1814 2816 di-

1031 2828 1091 2862 mit
1101 2826 1294 2872 discipulis
1307 2827 1406 2873 quod
1417 2827 1498 2874 plus
1509 2828 1681 2866 omnibus
1695 2827 1813 2865 misis-
