1907 3139
396 178 445 211 DE
484 177 685 211 sERMONE
722 178 771 213 ET
811 180 1033 216 ORATIONE
1072 182 1231 216 DOMINI
1271 183 1310 216 ΙΝ
1350 184 1489 217 CouNA.
1707 185 1768 219 365

134 259 202 284 nus
216 248 368 285 videbat
380 248 584 301 discipulos
599 248 805 287 formidare
820 255 856 288 et
866 252 910 289 ti-

133 306 236 331 mere
253 311 260 333 :
276 300 356 333 tum
368 300 515 332 ratione
526 299 720 343 temporis,
734 300 822 343 quia
838 311 908 336 nox

134 345 234 387 erat3
264 347 344 379 tum
364 343 511 379 ratione
537 343 623 385 loci,
644 344 732 391 quia
750 345 789 382 in
810 347 908 383 civi-

135 393 208 426 tate
241 391 438 427 manifeste
476 390 674 436 sistebant,
695 392 747 428 ita
769 397 808 429 ut
837 395 908 431 fre-

133 442 293 484 quenter
319 437 667 476 circumvolverunt
702 442 832 477 oculos
859 443 906 479 ad

132 486 269 522 ostium
290 486 437 531 domus,
460 487 566 532 quasi
591 487 845 533 imaginantes
870 494 907 526 et

131 536 389 579 exspectantes
410 533 535 570 invadi
555 540 591 573 et
609 536 691 581 capi
714 536 761 572 ab
784 537 902 573 hosti-

131 581 212 622 bus,
241 586 278 617 et
297 584 449 627 propter
470 582 541 618 hoc
560 584 684 620 minus
700 582 902 621 intenden-

131 631 186 663 tes
208 627 266 664 his
285 639 368 674 quae
390 629 559 676 dicebat3
589 631 675 668 idm
708 634 748 666 ut
769 632 902 668 melius

131 676 244 712 verba
256 687 339 721 quae
356 676 524 713 dicturus
536 683 618 716 erat
632 677 901 724 intelligerent,

130 726 163 758 et
188 726 227 758 ut.
252 724 299 759 ad
321 724 443 760 locum
476 728 576 763 unde
597 727 800 763 tradendus
821 733 902 763 erat

131 770 288 814 veniret,
313 770 413 807 inter
443 771 517 808 alia
543 776 597 810 eis
630 773 901 810 discumbenti-

132 818 196 854 bus
217 818 307 854 dixit
329 830 336 854 :
359 820 521 865 Surqite,
544 832 666 857 eamus
685 822 783 865 hinc,
806 821 903 857 scili-

129 869 186 901 cet
206 866 252 901 ad
286 865 410 902 locum
435 867 550 904 alium
582 869 700 913 magis
727 879 902 905 securum

129 919 165 949 et
187 916 388 958 secretum,
418 914 478 951 ubi
504 917 737 952 aestimantes
762 927 826 951 vos
845 927 902 952 se-

126 970 237 996 curos
251 964 433 997 attentius
443 963 603 999 audiatis
622 963 738 999 verba
757 973 853 1007 mea,
867 967 904 999 et

129 1008 260 1044 melius
280 1009 484 1045 attendatis
505 1011 552 1046 ad
569 1022 612 1047 ea
631 1021 715 1055 quae
734 1015 822 1046 sunt
837 1022 904 1046 vo-

126 1054 180 1090 bis
193 1056 369 1100 dicen‹la;
390 1057 436 1092 ad
449 1057 571 1093 locum
584 1058 685 1094 unde
701 1058 905 1094 tradendus

125 1113 207 1138 suni
240 1104 287 1139 ad
313 1107 488 1149 mortem,
509 1105 557 1141 ad
582 1108 861 1152 separationem
882 1117 904 1142 a

127 1149 232 1186 vohis
251 1151 501 1197 corporaliter
523 1153 559 1188 in
579 1155 648 1189 hoc
676 1153 831 1197 mundo,
857 1153 905 1189 ad

122 1198 339 1242 angustiam
359 1203 394 1234 et
429 1201 645 1236 Passionem
686 1211 835 1243 meam;
865 1206 903 1236 et

124 1247 344 1291 quicumque
373 1248 529 1282 voluerit
560 1252 648 1293 post
679 1259 734 1283 me
768 1250 900 1292 venire,

122 1293 274 1336 abneqet
292 1296 523 1338 semetipsum
542 1306 550 1338 ;
579 1299 612 1330 et
631 1297 737 1331 tollat
763 1306 901 1331 erucem

121 1351 239 1381 suam,
254 1344 287 1376 et
299 1345 477 1386 sequatur
490 1353 561 1377 me.
577 1344 634 1387 Et,
650 1346 703 1387 tu,
718 1353 784 1379 ora
799 1354 899 1387 eum,

123 1392 163 1424 ut
187 1399 264 1423 non
286 1388 385 1424 sinat
408 1393 443 1424 te
466 1400 487 1425 a
507 1401 574 1425 suo
593 1390 710 1426 latere
732 1391 900 1436 separari

122 1435 188 1471 sed
207 1436 388 1471 concedat
410 1438 476 1473 tibi
502 1448 628 1473 secum
656 1437 725 1481 ire,
753 1442 791 1473 et
814 1449 901 1474 eum

120 1483 240 1529 sequi,
263 1484 340 1519 sive
361 1484 409 1519 ad
430 1488 603 1528 mortem,
617 1486 746 1520 sivead
768 1484 897 1521 vitam.

123 1530 151 1566 Ο
176 1534 341 1576 quantus
361 1541 478 1577 pavor
497 1531 535 1567 in
553 1532 756 1578 discipulos
778 1531 898 1568 intra-

123 1578 176 1613 vit
195 1577 404 1614 nescientes
426 1589 499 1625 quo
519 1579 575 1615 vel
589 1580 749 1625 qualiter
764 1580 817 1615 ire
838 1580 900 1615 de-

123 1625 270 1669 berent,
294 1629 331 1661 et
349 1626 396 1662 de
415 1625 532 1672 ipsius
555 1626 794 1673 separatione
817 1627 896 1672 plu-

119 1672 257 1708 rimum
270 1673 536 1709 formidantes!
555 1674 686 1710 Merito
707 1678 831 1710 autem
852 1676 896 1710 de

117 1723 223 1756 tanto
244 1719 415 1756 convivio
429 1721 562 1767 gratiae
576 1722 897 1757 reddendaeerant

121 1769 216 1810 Deo;
240 1772 275 1803 et
294 1767 379 1803 ideo
398 1772 481 1814 post
509 1779 668 1811 coenam,
697 1769 894 1814 hymnum,

118 1814 156 1850 id
179 1817 235 1850 est
253 1816 440 1850 canticum
463 1815 599 1851 divinae
632 1816 755 1852 laudis
788 1816 893 1860 dixit,

118 1866 154 1899 et
178 1861 319 1908 gratias
341 1864 430 1909 egit,
459 1862 553 1899 sicut
575 1867 611 1899 et
635 1867 725 1899 ante
746 1874 893 1900 coenam

117 1910 272 1954 fecerat,
293 1913 333 1946 ut
362 1910 505 1946 scilicet
533 1910 719 1955 addiscas,
742 1915 778 1946 et
806 1914 894 1947 ante

117 1957 242 1994 cibum
260 1961 297 1994 et
314 1961 397 2004 post
418 1957 542 1994 cibum
568 1958 777 2005 gratiarum
808 1959 893 1994 red-

119 2005 207 2041 dere
228 2006 409 2041 actiones.
438 2007 543 2042 Unde
577 2007 851 2051 Chrysostomus
882 2019 893 2042 .-

120 2066 137 2086 «
150 2052 553 2099 Audiantquicumque
564 2054 666 2089 velut
686 2055 789 2100 porci
803 2053 873 2089 sim
884 2074 894 2080 ·

116 2099 266 2147 pliciter
298 2101 575 2136 manducantes
602 2112 687 2137 cum
714 2100 895 2137 ebrietate

117 2151 292 2193 surgunt,
325 2158 409 2183 curn
431 2148 584 2184 deceret
602 2147 746 2194 gratias
767 2159 894 2194 agere,

116 2198 152 2231 et
173 2195 356 2240 hymnum
396 2195 613 2240 concinere,
650 2200 688 2232 et
724 2206 893 2231 mensam

117 2242 315 2286 desinere;
355 2242 515 2279 audiant
535 2242 763 2289 quicumque
809 2242 895 2278 ulti-

118 2300 218 2326 mam
234 2288 447 2326 orationem
478 2291 516 2326 in
552 2292 669 2326 sacris
706 2291 897 2337 mysteriis

118 2348 193 2374 non
215 2340 445 2382 exspectant,
475 2338 610 2374 ultima
639 2337 739 2374 enim
773 2337 894 2373 oratio

116 2386 254 2427 missae,
274 2384 372 2420 illius
393 2386 523 2431 hymni
545 2390 600 2421 est
620 2386 782 2431 signum.
806 2385 897 2421 Gra-

118 2431 190 2468 tIas
209 2442 298 2477 ergo
329 2431 406 2478 egit
432 2437 636 2476 antequam
664 2443 772 2468 sacra
806 2443 895 2479 my—

118 2478 235 2516 steria
254 2478 447 2526 discipulis
467 2481 587 2516 daret.
609 2484 648 2516 ut
669 2485 706 2516 et
727 2490 795 2515 nos
813 2490 895 2525 gra-

117 2526 190 2563 tias
201 2537 357 2572 agamus
374 2539 382 2571 ;
400 2528 578 2573 hymnum
591 2527 683 2563 dixit
694 2531 893 2573 postquam

118 2573 327 2618 dedit,utet
341 2585 408 2610 nos
421 2577 490 2610 hoc
506 2577 625 2621 ipsum
646 2574 848 2610 faciamus.-
871 2588 889 2606 »

118 2622 199 2657 haec
218 2622 614 2666 Chrysostomus.Unde
626 2623 791 2658 etBeda:
811 2636 829 2654 «
843 2622 894 2657 Si-

119 2669 196 2705 mul
219 2667 334 2705 etiam
357 2672 393 2704 et
414 2669 483 2706 hoc
498 2670 674 2711 ostendit,
699 2669 799 2715 quod
818 2680 894 2704 am-

118 2715 308 2762 plectibile
341 2721 422 2752 erat
446 2716 515 2753 sibi
554 2729 620 2764 pro
650 2716 757 2753 nobis·
782 2717 891 2761 mori,

118 2763 209 2809 quia
228 2774 311 2800 cum
332 2763 536 2800 tradendus
561 2769 641 2801 erat
670 2766 785 2801 Deum
811 2764 891 2799 lau-

117 2811 208 2848 dare
228 2810 407 2858 dignatus
425 2816 502 2858 est3
519 2812 630 2849 docet
658 2816 696 2849 et
716 2823 786 2848 nos
807 2822 893 2847 cum

988 252 1027 289 in
1042 252 1235 299 angustias
1254 253 1471 298 incidimus,
1495 260 1650 301 propter
1675 257 1770 293 mul-

989 304 1115 337 torum
1137 300 1297 337 salutem
1326 312 1404 337 non
1438 302 1668 344 contristari,
1704 305 1770 341 sed

990 350 1066 385 Deo
1089 347 1233 394 gratias
1255 359 1383 395 agere,
1403 348 1465 395 qui
1489 349 1526 385 111
1549 354 1678 387 nostra
1700 351 1767 387 tri-

988 396 1194 437 bulatione,
1227 399 1407 442 operatur
1437 397 1640 433 multorum
1669 399 1768 435 salu-

988 446 1075 479 tem>
1100 457 1119 476 »
1139 444 1307 479 Tandem
1328 443 1457 479 multis
1469 445 1666 491 completis
1686 457 1765 493 my-

988 490 1126 536 steriis,
1149 495 1182 526 et
1209 492 1340 536 hymno
1379 491 1490 531 dicto,
1523 503 1591 537 pro
1632 494 1765 529 Sacra-

988 538 1105 574 menti
1126 537 1380 581 institutione,
1402 543 1438 574 et
1465 549 1572 575 novae
1593 539 1679 576 vitae
1698 542 1764 576 de-

984 585 1242 631 nuntiatione,
1265 586 1358 622 hora
1383 586 1633 632 completorii,
1656 598 1765 633 egre-

985 632 1086 669 ditur
1111 633 1157 669 de
1181 634 1262 669 loco
1290 644 1432 677 coenae,
1461 644 1547 669 Cum
1575 633 1768 681 discipulis

985 680 1085 724 suis;
1109 683 1277 717 eoeierunt
1297 683 1336 716 in
1358 684 1513 716 montem
1547 682 1695 725 Olivetz',
1719 684 1765 718 ad

984 728 1107 764 locum
1135 732 1240 764 extra
1267 729 1471 773 civitatem,
1493 728 1542 764 ad
1563 739 1677 775 quem
1699 731 1766 765 sci-

984 776 1071 811 ebat
1098 781 1297 812 venturum
1329 775 1576 822 proditorem,
1599 778 1699 813 ultro
1728 789 1767 813 se

985 823 1146 858 offerens
1170 823 1355 867 Passioni,
1393 826 1435 859 ut
1470 824 1691 860 ostenderet
1727 836 1767 861 se

986 870 1198 906 voluntarie
1215 870 1343 906 subire
1366 874 1541 913 mortem,
1564 876 1601 907 et
1616 872 1766 908 deside-

987 928 1070 952 rare
1085 922 1254 953 nostram
1264 918 1575 964 redemptionem.
1585 919 1649 955 Ille
1662 919 1762 956 enini

985 964 1090 1000 locus
1110 968 1191 1001 erat
1203 969 1310 1012 aptus
1326 965 1374 1001 ad
1400 965 1626 1011 capiendum
1649 967 1763 1003 Chri—

986 1016 1101 1055 stumy
1121 1012 1210 1059 quia
1236 1018 1315 1048 erat
1343 1023 1366 1048 a
1393 1012 1542 1049 civitate
1570 1018 1760 1054 remotus:

986 1063 1023 1094 et
1054 1059 1123 1102 ipsi
1160 1061 1382 1105 quaerebant
1416 1071 1550 1106 rapere
1572 1072 1658 1097 eum
1681 1064 1763 1099 sinc

984 1106 1143 1153 strepitu
1164 1108 1373 1144 turbarum.
1401 1108 1584 1144 Praecedit
1605 1108 1696 1155 ipse,
1724 1114 1763 1146 tu

985 1165 1072 1189 eum
1091 1165 1262 1200 sequere,
1287 1158 1323 1190 et
1355 1155 1530 1202 conspice
1557 1156 1760 1203 discipulos

985 1207 1115 1237 euntes
1132 1206 1217 1247 post
1234 1213 1335 1246 eum,
1352 1207 1389 1238 et
1407 1214 1490 1239 cum
1507 1214 1551 1239 eo
1570 1206 1759 1249 quomodo

984 1248 1141 1294 quilibet
1162 1249 1225 1295 qui
1254 1249 1374 1296 magis
1399 1254 1537 1297 potest,
1559 1251 1680 1298 magis
1701 1252 1762 1290 ei-

983 1296 1070 1331 dem
1082 1296 1329 1343 approximat.
1349 1303 1384 1333 et
1405 1302 1664 1344 congregatim
1681 1311 1759 1346 per-

983 1348 1128 1388 gentes,
1166 1344 1262 1380 sicut
1308 1344 1424 1381 moris
1472 1349 1529 1381 est
1569 1347 1759 1392 pullorum

983 1401 1140 1436 pergere
1157 1395 1238 1437 post
1253 1392 1446 1438 gallinam,
1459 1393 1659 1439 impellunt
1673 1406 1758 1432 eum

983 1439 1094 1474 modo
1116 1450 1226 1482 unus,
1249 1439 1361 1475 modo
1387 1440 1483 1476 alius
1504 1452 1548 1476 ex
1569 1441 1757 1479 desiderio

981 1485 1307 1532 appropinquandi
1338 1491 1374 1522 ct
1402 1488 1580 1524 audiendi
1598 1490 1713 1526 verba
1735 1489 1760 1525 i-

980 1532 1096 1578 psius.
1122 1535 1202 1579 Ipse
1226 1545 1315 1569 vero
1335 1534 1498 1571 libenter
1516 1539 1553 1571 et
1572 1536 1760 1582 patienter

981 1580 1189 1616 sustinebat
1208 1582 1255 1617 ab
1274 1580 1341 1625 eis,
1364 1586 1401 1617 et
1421 1585 1510 1618 tunc
1534 1583 1683 1620 locutus
1704 1588 1760 1620 est

981 1626 1034 1663 eis
1055 1628 1278 1673 complendo
1298 1640 1526 1674 sermonem,
1550 1632 1672 1667 eundo
1696 1643 1760 1678 per

979 1674 1079 1711 viam
1101 1678 1138 1710 et
1163 1676 1201 1711 in
1224 1676 1348 1712 horto.

1029 1736 1065 1758 21
1088 1723 1219 1758 VALLIS
1234 1725 1417 1760 JOSAPHAT
1431 1736 1473 1760 ET
1488 1736 1626 1762 HORTUS
1641 1728 1759 1763 GE‘rn·

980 1781 1123 1811 samm,
1152 1781 1210 1806 UBI
1236 1783 1273 1806 IN
1313 1783 1491 1807 onATmNE
1529 1785 1759 1811 pannonum-J

978 1828 1231 1853 coxsunvnaAT
1249 1820 1427 1855 Doumus.
1453 1840 1498 1845 —
1514 1822 1563 1856 Et
1589 1822 1662 1857 haec
1682 1834 1762 1858 cum

977 1864 1135 1900 dioeisset
1155 1867 1272 1905 Jesus,
1294 1877 1458 1910 egressus
1479 1870 1532 1902 est
1551 1879 1631 1904 cum
1652 1870 1761 1906 disci-

974 1913 1077 1957 pulis
1096 1914 1174 1947 suis
1189 1923 1321 1950 versus
1340 1914 1548 1959 Orientem,
1564 1919 1667 1952 trans
1687 1921 1761 1953 tor-

976 1962 1113 1994 rentem
1140 1960 1293 2005 Gedron,
1324 1964 1361 1997 et
1392 1961 1530 1998 vallem
1564 1965 1762 2011 Josaphat,

977 2017 1060 2051 quae
1088 2012 1144 2042 est
1178 2007 1278 2044 inter
1298 2009 1509 2045 Jerusalem
1533 2014 1568 2046 et
1596 2015 1765 2048 montem

977 2053 1111 2090 Oliveti
1146 2064 1168 2090 a
1200 2055 1479 2101 Septemtrione
1513 2056 1552 2092 in
1581 2060 1761 2096 Austrum

977 2105 1165 2147 porrecta,
1178 2113 1244 2147 per
1256 2103 1362 2149 cujus
1378 2104 1487 2140 vallis
1497 2105 1666 2142 medium
1680 2118 1761 2143 cur-

979 2147 1028 2183 rit
1059 2149 1159 2184 idem
1188 2153 1338 2185 torrens
1362 2151 1523 2188 Cedron.
1547 2154 1610 2188 Est
1635 2158 1761 2191 autem

979 2195 1125 2232 Cedron
1143 2196 1332 2242 genitivus
1349 2198 1521 2244 pluralis,
1545 2200 1609 2245 qui
1630 2202 1763 2238 Latine

980 2243 1179 2280 cedrorum
1207 2244 1359 2289 dicitur,
1383 2246 1428 2281 de
1456 2247 1592 2292 quibus
1613 2249 1764 2285 arbori-

979 2290 1050 2326 bus
1084 2291 1192 2335 copia
1210 2291 1261 2328 ibi
1297 2296 1378 2328 erat
1408 2293 1446 2329 iu
1468 2293 1560 2341 ripis
1581 2296 1764 2334 torrentis

980 2338 1164 2383 ejusdem,
1186 2340 1283 2375 unde
1305 2339 1357 2375 sic
1376 2342 1602 2387 appellatur.
1627 2344 1667 2379 In
1690 2345 1761 2381 hac

978 2385 1075 2421 valle
1088 2392 1146 2421 est
1164 2397 1279 2432 parva
1288 2387 1408 2434 campi
1425 2388 1760 2437 planitiesirrigua

978 2436 1015 2468 et
1036 2443 1250 2478 nemorosa,
1274 2435 1460 2481 plenaque
1486 2436 1643 2474 deliciis.
1668 2440 1756 2476 Val-

978 2480 1019 2514 lis
1040 2491 1128 2516 vero
1162 2492 1299 2517 nomen
1327 2483 1472 2529 accepit
1492 2495 1514 2520 a
1536 2495 1624 2532 rege
1644 2487 1759 2523 Josa—

977 2528 1067 2572 phat
1096 2527 1147 2564 ibi
1167 2529 1326 2574 sepulto,
1353 2531 1417 2565 ubi
1442 2541 1465 2566 a
1486 2536 1592 2578 parte
1619 2535 1758 2571 montis

978 2576 1067 2611 Sion
1087 2575 1124 2611 in
1143 2576 1237 2621 pede
1254 2576 1395 2613 montis
1410 2578 1558 2624 Oliveti,
1580 2580 1617 2615 in
1638 2580 1758 2627 ipsam

978 2622 1113 2658 vallem
1143 2623 1423 2669 descendendo,
1453 2630 1509 2662 est
1542 2627 1657 2663 turris
1699 2640 1757 2666 se-

977 2669 1176 2715 pulchrum
1210 2671 1291 2717 ejus
1327 2673 1548 2717 continens;
1576 2675 1684 2720 qu‘us
1710 2678 1758 2713 ad

977 2716 1170 2754 dexteram
1213 2719 1259 2755 de
1303 2730 1397 2766 rupe
1438 2721 1575 2757 montis
1613 2722 1754 2766 Oliviti,

978 2764 1100 2800 excisa
1135 2768 1171 2800 et
1208 2771 1382 2812 separata
1414 2768 1548 2804 domus
1580 2769 1654 2806 duo
1699 2783 1758 2808 ca-

979 2815 1065 2848 vata
1102 2812 1215 2850 habet
1257 2815 1470 2861 sepulchra,
1513 2816 1655 2854 scilicet
1693 2819 1754 2855 Si-
