1907 3139
174 205 231 238 ltt]
637 200 845 235 SECUNDAE
884 200 1040 235 PARTIS
1076 199 1212 232 CAPUT
1250 199 1330 232 XVI

172 273 322 320 pressit,
342 273 411 309 sed
431 271 519 318 quia
535 271 575 307 in
591 270 752 318 acceptis
771 271 886 306 rebus
907 281 947 306 se

175 319 318 356 extulit.
354 320 461 356 Unde
498 320 799 364 chrysostomus.-
826 331 842 351 «
866 319 947 353 Non

174 371 300 404 autem
320 367 419 413 quod
440 366 544 402 dives
577 369 657 402 erat
684 366 945 411 torquebatur,

170 415 235 451 sed
252 415 338 460 quia
361 414 536 450 misertus
569 424 643 448 non
666 412 747 448 suit.
779 414 861 447 Non
881 423 944 448 ac·

171 466 335 505 cusatur,
359 461 446 507 quia
463 472 523 496 res
542 460 684 496 alit-uas
703 459 846 501 tulerit,
868 470 944 494 non

168 509 255 555 quia
278 510 425 545 adulter
450 508 572 551 tuerit,
589 518 661 543 non
689 506 778 551 quia
796 506 948 552 aliquod

173 557 314 593 malum
353 555 506 599 fecerim
530 554 663 590 solain
687 553 747 588 illo
769 561 945 589 cointem-

173 610 285 641 natur
305 602 500 647 superbia:
515 616 533 634 »
557 603 635 638 iiaec
654 602 944 646 chrysostomus

222 654 242 687 S
263 653 407 686 Forum
422 660 600 686 DAMNATIO
615 660 731 683 EORUM
744 659 803 688 QUI
818 659 949 683 ALIENA

173 709 365 734 DmiriuNT.
406 718 452 724 -
489 698 591 732 Unde
627 699 662 731 et
704 696 897 739 Greqorius
936 707 946 731 ε

175 760 194 779 «
224 745 317 781 Hinc
353 744 603 789 colligendum
640 746 696 778 est
730 753 805 788 qua
836 753 948 789 poena

172 792 411 828 mulctandus
433 792 492 834 sit,
519 790 582 836 qui
607 791 729 826 aliena
751 789 891 836 diripit,
918 788 947 824 si

171 839 313 876 inferni
350 837 590 875 damnatione
627 836 851 884 percutitur,
886 836 949 882 qui

171 886 325 933 propria
351 897 427 921 non
455 886 612 932 largitur
634 896 642 920 ε
665 898 683 916 n
709 886 790 920 haec
816 884 948 928 Grego-

173 936 265 969 rius.
293 935 454 969 Pensent
473 943 561 977 ergo
592 942 668 967 non
690 931 811 967 solum
837 942 950 966 secu-

173 981 286 1024 lares,
306 980 372 1016 sed
390 982 426 1015 et
446 979 626 1023 religiosi,
648 978 711 1025 qui
728 978 951 1024 temporalia

174 1027 303 1063 illicite
336 1027 406 1062 sibi
440 1027 649 1070 attrahunt,
682 1026 737 1061 vel
766 1025 949 1070 detinent,

176 1085 250 1120 qua
279 1084 390 1119 poena
418 1073 594 1117 puniendi
617 1075 718 1116 sunt,
742 1072 771 1107 si
794 1072 949 1107 dumna-

175 1124 236 1156 tur
256 1120 319 1166 qui
352 1119 505 1167 propria
526 1131 601 1156 non
623 1119 736 1154 dedit.
766 1118 833 1162 Qui
851 1118 950 1155 euim

175 1168 312 1212 aliena,
337 1178 400 1202 seu
423 1166 551 1202 illicite
577 1166 775 1212 acquisita,
803 1170 840 1201 et
865 1167 950 1201 red-

175 1215 299 1252 denda
322 1213 506 1257 detinent,
529 1217 661 1249 contra
680 1214 745 1249 Dei
773 1214 951 1249 mandata

175 1265 344 1309 peccant,
368 1261 450 1297 sine
470 1261 602 1306 quibus
628 1271 737 1296 nemu
759 1264 882 1306 potest
903 1261 950 1296 ad

176 1310 290 1346 vitain
312 1308 473 1355 ingredi,
494 1309 551 1343 vel
581 1308 730 1343 saivari.
760 1309 802 1342 Et
825 1310 951 1343 tamen

176 1356 280 1393 multi
302 1357 472 1400 credunt,
489 1356 552 1391 sed
572 1355 694 1399 stulte,
712 1356 824 1401 quud,
847 1361 952 1391 reatu

178 1407 293 1440 tantae
315 1403 462 1449 iujuriae
496 1413 570 1438 non
605 1403 789 1441 obstante,
817 1401 952 1437 animae

177 1459 307 1487 eorum
327 1450 562 1495 requiescant
582 1449 620 1484 in
642 1459 744 1494 pace.
759 1450 850 1484 Nam
867 1449 953 1492 quia

178 1497 406 1533 0011s‹·ieutia
425 1507 521 1542 saepe
544 1498 727 1531 formatur
747 1496 952 1532 secundum

180 1545 217 1582 id
235 1544 282 1580 ad
306 1544 405 1590 quod
423 1543 731 1587 honioai'iici1ur3
752 1544 834 1578 ideo
857 1545 951 1578 mui-

180 1591 207 1628 ti
236 1592 413 1637 pecunias
434 1594 468 1625 vt
486 1590 708 1635 temporalia
736 1590 845 1626 nimis
866 1590 950 1624 diii-

181 1643 324 1684 gentes,
344 1638 389 1673 de
407 1636 534 1673 illu-ite
553 1636 744 1682 acquisitis
764 1647 954 1672 conscicn-

180 1686 270 1721 tiam
286 1696 360 1720 nou
378 1685 531 1728 sariunt,
545 1683 669 1729 sicque
688 1684 751 1719 Dei
768 1688 954 1730 prieccpta

183 1732 456 1769 contemnendo
486 1762 492 1774 ,
534 1735 570 1766 et
615 1742 680 1776 pei·
721 1741 954 1774 consequens

182 1779 391 1816 mortaliter
417 1778 621 1824 peccando,
646 1780 759 1814 Deum
793 1778 956 1823 graviter

183 1827 390 1865 offendunt,
417 1829 453 1861 et
472 1825 597 1860 omnia
619 1826 743 1861 suain
764 1825 872 1861 bonis
899 1836 956 1861 ex—

183 1873 314 1909 ercitia
336 1873 492 1919 perdere
513 1883 586 1907 non
612 1876 793 1908 metuunt.
817 1874 859 1908 Et
881 1883 957 1908 ma-

182 1921 279 1956 xime
299 1921 369 1955 hoc
391 1920 586 1955 attendant
606 1919 748 1955 domini
770 1923 956 1955 terrarum

183 1971 219 2003 et
240 1970 425 2013 potentis,
442 1966 502 2012 qui
526 1977 654 2011 parum
676 1967 808 2002 timent
837 1971 957 2002 terras

183 2014 342 2050 aliorum
366 2013 436 2049 sibi
457 2015 659 2053 attrahere,
679 2018 715 2049 et
745 2015 869 2049 minus
889 2024 957 2059 po-

184 2065 305 2098 tentes
326 2061 359 2096 vi
387 2061 443 2096 vel
464 2061 548 2096 dolo
564 2060 797 2107 opprimere3
820 2072 887 2096 nec
911 2061 958 2096 ad

185 2110 303 2144 Deum
334 2111 465 2143 cuncta
498 2114 713 2143 cernentem
742 2112 876 2143 curant
903 2119 957 2144 re-

186 2155 343 2201 spicere.
361 2154 397 2190 Si
420 2155 573 2190 arbores
589 2155 708 2190 solum
729 2155 766 2190 in
785 2157 901 2190 altum
923 2158 959 2190 ct

187 2212 262 2238 non
284 2201 322 2236 in
342 2201 459 2236 latum
480 2207 704 2243 crescerent,
726 2213 793 2237 nec
814 2213 852 2238 se
869 2202 959 2238 dila-

186 2253 322 2288 tarent,
338 2259 415 2283 uua
434 2248 545 2283 aliam
568 2259 641 2283 uon
657 2248 852 2294 impediret
868 2260 875 2292 ;
894 2250 958 2285 sed

186 2295 272 2341 quia
294 2298 464 2330 crescunt
480 2297 516 2330 iu
532 2296 647 2331 latum
665 2299 700 2331 et
722 2307 761 2331 se
784 2297 956 2340 dilatant,

188 2353 264 2378 uua
296 2341 452 2387 impedit
487 2342 624 2386 aliam;
665 2345 716 2378 ita
752 2344 852 2389 quod
884 2354 958 2378 una

186 2389 411 2435 quandoque
426 2389 671 2433 abscinditur,
684 2397 836 2436 propter
847 2390 959 2425 aliam

189 2435 259 2472 sihi
289 2435 463 2472 vicinam.
501 2436 559 2471 bic
588 2447 696 2479 reges
723 2440 758 2472 et
790 2441 959 2483 potentes

189 2482 253 2528 qui
274 2483 412 2518 hubent
433 2487 469 2518 et
492 2487 666 2528 quaerunt
686 2484 906 2528 dominium,
929 2483 959 2519 si

189 2530 309 2565 solum
329 2535 539 2565 crescerent
558 2530 597 2566 in
617 2531 732 2566 altum
749 2541 876 2566 versus
890 2542 958 2566 coe-

189 2577 279 2617 lum,
302 2579 338 2611 et
358 2576 543 2621 erigerent
573 2588 611 2612 se
634 2578 680 2612 ud
702 2579 833 2622 Deum,
862 2589 958 2613 unus

188 2634 264 2660 non
294 2623 492 2668 impediret
527 2624 662 2667 alium;
687 2628 722 2659 et
754 2625 841 2670 quia
871 2624 958 2659 dila-

190 2673 271 2707 tant
288 2681 327 2706 se
344 2671 425 2716 plus
456 2670 580 2706 deinito
602 2672 648 2706 ad
681 2675 843 2717 terrena,
866 2682 959 2717 pro-

190 2724 274 2764 pter
293 2718 361 2752 huc
382 2728 477 2753 uuus
496 2717 609 2752 alium
641 2717 809 2762 impedit,
832 2722 867 2753 et
887 2718 960 2754 alia

189 2764 260 2801 sibi
290 2764 456 2808 attrahit,
488 2775 532 2800 ac
563 2774 608 2800 ea
633 2775 733 2816 saepe
758 2766 961 2801 heredibus

191 2811 266 2847 suis
285 2811 475 2857 relinquit,
501 2811 584 2852 Sed,
608 2822 685 2847 non
706 2813 895 2857 gaudeant
914 2812 959 2847 de

1018 270 1090 306 hoc
1110 269 1167 305 vel
1187 268 1408 315 glorientur,
1442 268 1531 315 quia
1550 270 1675 306 veniet
1694 274 1797 307 tem-

1018 328 1088 363 pus
1126 327 1198 362 quo
1239 316 1324 362 ipsi,
1357 321 1548 363 tamquam
1581 317 1798 362 parochiani

1020 363 1175 408 diaboli,
1198 374 1281 400 cum
1302 364 1415 400 divite
1443 366 1480 399 in
1504 364 1652 401 inferno
1678 366 1797 411 sepul-

1020 416 1104 447 tura
1125 413 1224 446 asini
1242 413 1485 456 εθρθῖἱθηίῑινς
1509 416 1545 447 et
1564 412 1627 447 aiii
1647 423 1711 457 per
1731 423 1796 448 eos

1020 458 1159 504 injuste
1185 469 1287 504 oppr=
1303 458 1351 494 ssi
1372 459 1420 494 ad
1439 459 1606 505 requiem
1628 470 1711 496 cum
1732 461 1798 496 La-

1022 516 1107 541 zaro
1129 505 1395 548 suscipientur.

1069 568 1089 599 9
1109 554 1337 588 ExnonTATm
1353 565 1397 588 AD
1419 565 1692 590 MISERICORDIAM
1709 566 1796 591 LAR-

1022 611 1178 635 GIENDAM
1199 611 1240 634 ET
1260 611 1513 636 PAUPERTATEM
1543 613 1794 638 TOLERANDAM.

1050 668 1058 671 v·
1092 646 1255 682 Audiant
1293 648 1362 682 hoc
1398 648 1538 683 terreni
1576 653 1612 685 et
1652 649 1794 690 miseri,

1023 704 1115 740 quos
1151 693 1271 739 pulvis
1298 698 1406 730 terrae
1447 705 1544 730 nunc
1583 695 1796 740 excaecavit,

1023 741 1110 786 quia
1132 740 1276 776 vexatio
1293 744 1380 777 tuuc
1403 742 1631 778 intellectum
1659 743 1710 778 eis
1731 743 1796 783 da-

1022 788 1089 824 bit.
1114 788 1216 824 Unde
1234 790 1286 823 ait
1305 790 1564 833 Augustinus.-
1588 804 1606 823 «
1631 790 1800 826 Audiant

1023 836 1093 871 ista
1123 835 1268 878 divites,
1292 835 1356 881 qui
1382 836 1513 871 nolunt
1544 847 1624 873 esse
1644 836 1799 873 miseri-

1023 884 1167 920 cordes.
1183 882 1346 919 Audiant
1360 883 1411 918 ibi
1428 883 1609 929 irrogaris
1626 884 1695 920 sibi
1711 894 1797 937 sup-

1023 929 1149 976 plicia,
1172 929 1234 975 qui
1256 930 1316 965 hic
1338 930 1470 965 nolunt
1489 941 1645 976 erogare
1670 931 1801 967 subel-

1025 976 1099 1013 dia.
1109 977 1272 1012 Audiant
1286 988 1488 1024 pauperem
1501 978 1801 1024 refrigerantem,

1025 1024 1178 1059 audiant
1204 1023 1356 1060 divitem
1400 1024 1522 1071 poeuis
1567 1025 1802 1071 gravioribus

1025 1075 1257 1106 aestuantem.
1288 1073 1492 1108 Peusentur
1523 1082 1613 1117 ergo
1639 1083 1707 1119 pro
1738 1071 1802 1107 di·-

1027 1117 1137 1162 vitiis,
1150 1129 1273 1164 poenae
1287 1130 1293 1161 ;
1306 1119 1555 1164 refrigerium,
1567 1129 1633 1165 pro
1646 1129 1801 1165 pauper-

1026 1168 1123 1205 tateq
1141 1176 1207 1211 pro
1230 1176 1396 1212 purpura
1416 1171 1452 1201 et
1481 1169 1598 1212 bysso,
1626 1168 1801 1210 flamina;

1026 1212 1196 1256 reiectio,
1238 1223 1304 1258 pro
1343 1213 1525 1257 nuditate,
1562 1219 1602 1249 ut
1631 1214 1734 1249 salva
1755 1213 1803 1249 sit

1028 1263 1184 1304 aequitas
1223 1264 1386 1303 staterae,
1423 1264 1459 1295 et
1488 1271 1562 1295 non
1599 1260 1804 1296 mentiatur

1029 1308 1159 1341 modus
1194 1305 1293 1342 illius
1329 1318 1514 1343 mensuras
1537 1319 1546 1342 :
1572 1310 1613 1343 1η
1636 1319 1722 1353 qua,
1745 1309 1801 1342 in-

1029 1353 1120 1399 quit,
1144 1364 1310 1388 mensura
1332 1357 1445 1389 vmensi
1459 1356 1620 1397 fueriti&
1636 1356 1802 1390 remetie-

1029 1405 1088 1435 tm·
1107 1401 1220 1435 vobis.
1244 1402 1330 1436 ldeo
1366 1405 1522 1446 negatur
1544 1401 1804 1438 misericordia

1027 1446 1146 1491 diviti,
1171 1447 1259 1492 quia
1278 1447 1370 1493 ipse,
1395 1450 1482 1483 dum
1504 1447 1659 1494 viveret,
1684 1449 1805 1484 noluit

1028 1494 1215 1538 miser-erm
1241 1494 1324 1530 ideo
1346 1506 1484 1539 rogans
1506 1496 1621 1540 dives,
1642 1507 1718 1532 non
1745 1507 1804 1531 ex-

1027 1542 1176 1577 auditur
1197 1542 1234 1576 in
1250 1542 1459 1586 tormentis,
1492 1542 1579 1586 quia
1606 1546 1803 1585 rogantem

1027 1599 1229 1635 pauperem
1251 1599 1325 1623 nun
1347 1589 1534 1624 exaudivit
1566 1589 1603 1624 in
1636 1589 1759 1625 terris.
1782 1603 1802 1623 »

1030 1637 1074 1671 Ut
1095 1636 1318 1671 autemdicit
1334 1636 1430 1671 idem
1452 1638 1694 1680 Augsuscz'nu-s:
1710 1652 1726 1670 u
1738 1638 1806 1673 Re-

1029 1694 1143 1729 gnum
1159 1684 1354 1725 maiorum,
1372 1683 1536 1719 Veritate
1561 1688 1736 1728 testante,
1753 1684 1805 1720 di-

1030 1731 1188 1766 dicimus
1211 1740 1285 1765 uou
1311 1729 1482 1774 divitum,
1503 1732 1567 1766 sed
1600 1741 1804 1778 pauperum

1031 1788 1129 1821 esse,
1149 1777 1176 1812 si
1196 1776 1311 1822 igitur
1330 1788 1487 1823 regnum
1506 1783 1563 1814 est
1584 1789 1805 1824 pauperum,

1031 1827 1148 1860 restat
1170 1827 1208 1859 ut
1242 1823 1412 1860 infernus
1448 1836 1604 1871 regnum
1637 1825 1683 1861 sit
1709 1825 1803 1861 divi-

1034 1877 1125 1907 tum.
1144 1871 1316 1916 Quisquis
1334 1872 1445 1917 igitur
1463 1872 1518 1907 vis
1540 1883 1701 1919 regnare
1719 1883 1804 1909 cum

1032 1918 1193 1962 Christo,
1212 1918 1309 1964 elige
1331 1923 1587 1964 paupertatem
1607 1930 1690 1955 cum
1709 1919 1803 1965 ipso,

1033 1970 1072 2001 ut
1104 1965 1318 2011 requiescas
1340 1976 1424 2001 cum
1457 1967 1593 2002 Lazaro
1618 1967 1803 2003 mendico.

1033 2015 1148 2048 Nemo
1170 2012 1269 2048 euim
1290 2014 1589 2058 putestgaudere
1603 2025 1685 2050 cum
1704 2024 1806 2050 secu-

1033 2060 1084 2099 lo.
1108 2062 1145 2094 et
1167 2069 1324 2104 regnare
1349 2070 1431 2094 cum
1452 2060 1625 2096 Domino.
1649 2061 1716 2105 Qui
1739 2060 1804 2106 igi-

1034 2110 1094 2142 tur
1116 2106 1191 2141 vult
1212 2105 1354 2152 epulari
1379 2117 1461 2142 cum
1480 2107 1606 2151 divite,
1623 2110 1806 2152 praeparat

1035 2165 1073 2189 se
1101 2154 1197 2188 iuter
1228 2154 1357 2198 epulas
1393 2153 1582 2189 vermibus
1608 2156 1804 2200 gvhennae,

1034 2200 1072 2236 in
1095 2211 1168 2245 qua
1192 2211 1257 2246 pro
1281 2200 1416 2245 gaudio
1450 2206 1713 2238 momentaneo
1737 2213 1806 2238 ara-

1034 2248 1137 2283 debit
1167 2251 1363 2293 perpetuo,
1386 2259 1471 2283 cum
1494 2247 1613 2293 capite
1633 2259 1700 2284 suo
1723 2249 1805 2285 dia-

1034 2296 1133 2331 bolo.
1171 2294 1299 2330 Infelix
1326 2295 1606 2340 commercium,
1638 2306 1706 2342 pro
1730 2300 1806 2332 tam
1860 2319 1862 2322 -
1899 2293 1902 2296 ’

1033 2341 1139 2377 brevi
1163 2341 1314 2387 gaudio,
1352 2342 1495 2378 coelesti
1531 2342 1669 2388 privari
1698 2353 1721 2378 a
1743 2353 1806 2379 re-

1034 2399 1109 2434 gno
1127 2388 1134 2423 t
1161 2388 1259 2423 Felix
1277 2393 1492 2433 paupertas,
1516 2399 1584 2435 per
1604 2393 1717 2435 quam
1737 2401 1807 2426 cece

1035 2434 1138 2471 lestis
1147 2434 1568 2480 ac‹.1uiriturhei·editasl
1587 2436 1685 2472 Felix
1703 2447 1804 2472 com-

1035 2482 1226 2521 mercium,
1250 2492 1317 2527 pro
1341 2482 1513 2527 perituris
1530 2486 1670 2520 aeterna
1693 2482 1806 2519 susci-

1037 2540 1136 2574 pere,
1157 2532 1194 2564 et
1214 2529 1312 2577 quod
1340 2529 1527 2565 ineffabiie
1561 2530 1703 2566 honum
1735 2533 1803 2574 est,

1035 2576 1114 2612 sine
1137 2577 1207 2611 tine
1233 2586 1316 2610 cum
1339 2579 1483 2612 Christo
1512 2577 1694 2622 regnare!
1717 2578 1759 2612 Et
1784 2587 1804 2612 e

1034 2626 1164 2659 contra
1189 2622 1390 2658 ineffabilis
1424 2623 1587 2668 miseria,
1627 2628 1805 2670 perpetua

1036 2669 1111 2715 pati
1143 2668 1324 2716 supplicia
1356 2671 1363 2704 l
1389 2684 1405 2703 »
1439 2671 1518 2706 haec
1556 2672 1800 2714 Auqustinus.

1039 2717 1140 2753 Unde
1161 2720 1198 2752 et
1219 2718 1492 2761 chrysostomus
1513 2730 1523 2752 :
1546 2732 1564 2750 «
1583 2719 1805 2753 Instruimur

1035 2768 1160 2800 autem
1181 2774 1294 2809 quam
1315 2764 1362 2799 sit
1383 2764 1475 2800 utile
1502 2764 1541 2800 in
1564 2763 1702 2800 divitiis
1728 2774 1805 2804 nou

1036 2810 1240 2847 confidere.
1277 2812 1371 2847 Ecce
1405 2811 1508 2847 dives
1539 2810 1683 2857 indiget
1706 2821 1804 2857 pau—
