1907 3139
169 207 228 242 326
628 208 832 244 SECUNDAE
866 207 1025 243 PARTIS
1063 207 1200 242 CAPUT
1240 205 1323 241 LIII

167 278 297 324 steria,
310 287 394 325 quae
405 278 612 323 restabant,
626 280 845 325 compleret.
861 280 948 314 Haec

170 329 296 365 autem
313 336 418 362 coena
438 326 678 373 praefigurata
697 326 766 362 fuit
782 326 820 362 in
838 325 946 372 pani-

169 383 255 418 ους,
281 384 374 419 quos
395 373 614 410 Abimelech
634 373 751 409 David
771 373 946 419 porrige-

168 422 245 458 bat.
269 422 314 457 Et
335 421 535 466 magnifica
556 420 666 456 valde
689 420 772 459 suit
806 423 843 456 et
863 430 946 455 ma-

168 467 307 515 gnifica
331 470 430 512 sunt,
453 478 535 513 quae
562 466 741 503 Dominus
767 466 819 502 ibi
838 466 944 511 fecit,

168 515 216 553 ad
240 525 324 567 quae
344 514 524 550 intuenda
544 516 580 550 te
600 517 843 559 praesentem,
861 524 946 549 cum

168 561 375 599 attentione
391 571 537 597 summa
549 560 701 597 exhibe:
713 560 815 606 quia,
829 559 947 597 sihoc

171 609 285 656 digne
302 611 338 644 et
358 607 557 654 vigilanter
580 607 728 651 feceris,
749 618 825 644 non
845 607 945 654 pati-

170 659 254 693 etur
279 634 464 700 benignus
502 653 681 690 Dominus
715 657 752 690 te
774 655 947 701 J'ejunum

170 701 308 740 redire.
346 702 451 739 Circa
486 701 605 756 ipsam
640 701 754 747 igitur
800 711 947 737 coenam

171 748 430 795 principaliter
450 749 633 794 quinque,
656 759 739 793 quae
761 748 812 784 ibi
836 752 948 784 nota-

171 796 297 834 biliter
320 797 419 832 sacta
439 799 538 839 sunt,
569 795 786 831 meditanda
816 806 947 831 occur-

171 846 277 881 runt:
298 843 433 888 primo,
444 842 526 888 ipsa
541 842 745 888 corporalis
759 842 946 879 coenatio·
939 870 946 886 ‚

172 891 350 932 secundo,
366 890 503 936 pedum
519 889 785 944 discipuimum
798 900 866 936 per
880 891 950 925 Do-

173 938 316 974 minum
332 939 459 973 Jesum
478 936 643 972 ablutio·
637 937 791 980 ‚tertio,
813 937 949 973 carita-

172 986 250 1020 tiva
263 983 467 1029 proditoris
486 966 696 1037 correptio·
689 1012 697 1029 ,
713 987 864 1029 quarto,
887 994 948 1019 sa-

174 1030 373 1067 cratissimi
387 1032 476 1066 Saci
480 1030 593 1066 menti
609 1030 823 1067 institutio:
844 1030 953 1076 quin-

174 1081 227 1122 to,
249 1076 495 1130 pulcherrimi
518 1077 702 1114 sermonis
736 1088 803 1124 per
828 1078 949 1124 ipsum

175 1124 411 1170 compositio.

224 1186 241 1208 2
258 1173 336 1208 Dno
360 1183 559 1208 MITTUNTUR
580 1171 758 1207 Aposrom
777 1183 821 1207 An
859 1184 951 1208 PRAE-

179 1231 369 1256 PARANDUM
398 1230 629 1255 COENACULUM.
663 1240 709 1244 —
735 1219 843 1255 Circa
873 1219 951 1265 pri·

179 1277 282 1303 mum
310 1267 475 1308 attende,
499 1267 599 1311 quod
627 1265 750 1318 prima
781 1266 841 1302 die
869 1277 950 1312 azy-

180 1324 344 1357 morum,
363 1312 400 1349 id
419 1316 474 1349 est
495 1313 627 1349 eadem
645 1312 729 1348 die
722 1324 761 1348 ιιι
774 1314 879 1359 cujus
894 1324 953 1349 ve-

179 1371 288 1407 spera
302 1363 381 1396 erat
392 1371 512 1405 agnus
527 1359 795 1405 immolandus,
812 1363 848 1396 et
866 1370 951 1396 cum

183 1408 322 1454 azymis
341 1388 525 1451 edendus,
557 1406 699 1443 scilicet
719 1407 953 1452 quartadeci-

182 1466 244 1491 ma
261 1455 321 1490 die
343 1465 409 1490 seu
442 1454 529 1490 luna
549 1454 702 1497 mensis,
730 1455 768 1490 id
785 1457 843 1491 est
869 1465 952 1498 quae

182 1505 261 1538 erat
278 1501 373 1538 feria
401 1500 545 1547 quinta,
580 1504 616 1537 et
638 1502 788 1538 Paschae
807 1501 949 1546 vigilia,

184 1548 362 1585 Dominus
381 1550 487 1584 Jesus
505 1547 707 1593 requisitus
724 1560 744 1584 a
761 1548 951 1594 discipulis

182 1595 342 1637 suis,ubi
364 1594 572 1633 velletsibi‚
591 1595 697 1639 J'uxta
718 1596 868 1642 Legem,
891 1606 953 1641 pa-

183 1643 257 1678 rari
273 1642 430 1684 Pascha,
445 1642 481 1677 id
495 1645 550 1677 est
562 1642 774 1688 paschalem
796 1652 951 1688 agnum,

185 1689 362 1734 praemisit
380 1690 426 1725 ad
440 1690 508 1724 hoc
522 1688 732 1724 faciendum
753 1691 904 1725 Petrum
919 1693 956 1725 et

182 1739 379 1779 Joannem,
402 1737 446 1771 ad
469 1735 632 1771 amicum
652 1747 758 1771 suum
777 1737 814 1771 in
828 1740 953 1772 monte

182 1783 286 1827 Sion,
299 1783 361 1819 ubi
376 1786 456 1818 erat
471 1784 690 1818 coenaculum
708 1784 846 1827 grande
863 1786 956 1818 stra—

184 1834 273 1874 tum,
293 1830 428 1875 jubens
450 1834 490 1865 ut
517 1830 660 1865 Pascha
685 1833 864 1875 pararent
888 1829 954 1874 ibi,

185 1881 223 1914 et
239 1887 306 1922 per
324 1877 449 1912 omnia
463 1876 708 1912 manifestans
720 1877 819 1922 quod
838 1888 956 1922 usque

185 1924 233 1961 ad
260 1926 468 1960 extremum
497 1925 581 1960 vitae
606 1935 679 1960 non
704 1927 760 1960 est
782 1924 956 1960 adversa-

184 1976 243 2007 tus
270 1970 371 2016 Legi.
396 1972 468 2006 Per
493 1971 644 2006 Petrum
671 1970 839 2017 signatur
859 1971 957 2007 actio

184 2019 296 2063 bona,
316 2028 383 2063 per
401 2020 586 2054 Joannem
607 2017 871 2064 contemplatio
893 2018 957 2054 de-

184 2070 283 2108 vota,
306 2075 388 2111 quae
413 2068 629 2110 praeparant
656 2066 811 2109 Pascha,
839 2065 877 2101 id
903 2068 960 2101 est

185 2111 390 2157 disponunt
409 2112 456 2148 ad
478 2112 619 2157 Corpus
635 2112 769 2148 Christi
789 2116 958 2148 sanctum

188 2158 313 2195 debite
333 2159 570 2194 sumendum.
595 2160 815 2204 Praeparant
834 2164 960 2195 autern

186 2204 225 2241 in
255 2206 461 2250 coenaculo,
483 2205 520 2241 id
541 2208 597 2242 est
632 2205 670 2241 in
691 2207 873 2242 homine:
893 2217 960 2252 per

185 2252 421 2288 devotionem
448 2252 606 2297 elevato,
634 2263 736 2297 gran
733 2253 767 2288 li
794 2253 958 2299 longitu-

186 2298 273 2336 dine
281 2298 597 2352 longanimitatis,
607 2300 681 2335 lato
695 2281 890 2336 latitudinoe
904 2311 961 2336 ca-

188 2345 324 2385 ritatis
347 2349 464 2382 strato
489 2347 669 2383 vaiictate
696 2347 853 2383 virtutis.
877 2347 960 2383 Mit-

188 2395 271 2429 tens
281 2396 406 2429 autem
421 2395 523 2428 Jesus
537 2393 754 2439 discipulos,
767 2395 868 2430 diaeit
883 2395 957 2430 eis:

186 2442 238 2476 Ite
248 2441 286 2475 in
303 2442 486 2475 civitatem
503 2452 526 2481 ;.
536 2467 544 2475 .
556 2444 589 2475 et
601 2451 675 2476 ecce
692 2443 960 2477 introeuntibus

187 2487 301 2530 vobis,
307 2488 344 2522 in
365 2488 548 2522 ciuitatem
563 2492 723 2523 occurret
741 2499 760 2523 υ
778 2490 842 2524 ibis
858 2490 959 2524 homo

187 2535 400 2578 amphoram
420 2545 523 2579 aquae
538 2538 704 2579 portans.
719 2535 773 2571 Ad
796 2536 959 2572 litteram

188 2581 274 2617 tulit
298 2581 521 2626 amphoiam
548 2592 613 2617 seu
638 2581 810 2628 lagenam
837 2593 958 2628 aquae,

190 2628 248 2664 ut
240 2639 276 2664 ιιι
288 2631 394 2664 tanto
406 2627 499 2664 sesto
515 2628 670 2664 haberet
683 2629 781 2674 apud
796 2629 961 2675 seipsum

189 2686 324 2720 aquam
341 2674 574 2721 expiationis,
587 2685 659 2720 qua
674 2676 871 2712 mundaret
897 2688 958 2721 se;

187 2725 224 2757 et
245 2721 432 2766 significat
452 2722 549 2767 quod
572 2723 632 2758 ubi
651 2723 676 2758 C
681 2722 817 2759 hristus
834 2734 960 2760 coena-

189 2771 296 2804 turus
327 2772 396 2812 est,
418 2769 550 2814 lagena
576 2779 682 2814 aquae
708 2770 956 2816 laciymarum

190 2816 226 2853 in
255 2815 467 2864 expiatione
487 2815 599 2854 debet
620 2807 867 2865 piaecedeic:
891 2828 959 2866 pei

1022 288 1159 324 aquam
1179 277 1281 314 enim
1300 276 1438 313 vivifici
1466 276 1580 313 tontis
1608 274 1803 329 Baptisma

1020 325 1253 371 designatur.
1277 324 1382 360 Unde
1401 324 1534 360 Beda:
1564 337 1582 358 «
1604 322 1797 361 Paraturis

1020 373 1164 408 Pascha
1183 373 1296 407 homo
1331 371 1555 417 amphoram
1576 382 1687 417 aquae
1703 380 1794 422 por-

1018 422 1104 456 tans
1127 418 1303 458 occurrit,
1322 421 1364 454 ut
1383 418 1603 454 ostendatur
1620 416 1795 465 mysteri-

1020 478 1080 502 um
1097 467 1251 503 Paschae
1271 465 1418 501 Domini
1434 466 1703 502 celebrandum
1724 474 1793 510 pro

1018 513 1210 550 ablutione
1225 512 1368 548 mundi.
1382 512 1728 565 Aquualavacrum
1710 521 1798 547 <rra-

1018 560 1093 603 tiae
1100 561 1366 607 lagenaautem
1376 558 1616 604 fragilitatem
1626 560 1800 605 designat

1019 618 1164 650 eorum,
1192 617 1266 659 per·
1286 617 1380 651 quos
1407 606 1538 641 eadem
1564 611 1646 642 erat
1675 586 1801 652 gratia

1021 655 1160 690 mundo
1177 652 1440 689 ministranda.
1464 667 1476 685 ι
1500 654 1544 688 Et
1563 633 1721 689 subdit:
1736 653 1799 689 Se-

1022 703 1179 747 quimini
1207 711 1286 736 eum
1318 702 1357 736 in
1387 701 1531 735 domum
1551 702 1590 736 in
1611 711 1720 746 quam
1739 701 1800 735 in-

1023 752 1111 792 trat,
1132 752 1165 784 et
1190 748 1321 783 dicetis
1342 749 1612 792 patrifamilias
1635 748 1796 783 domus.
1789 758 1798 767 ·

1021 797 1199 833 Mrmister
1219 795 1288 830 tibi
1319 795 1442 830 dicit:
1482 796 1635 840 Tempus
1668 804 1798 837 meum,

1023 842 1165 879 scilicet
1182 841 1363 888 patiendi,
1376 852 1486 886 prope
1507 845 1559 877 est
1564 842 1678 887 ‚apud
1695 845 1728 877 te
1739 842 1799 884 fa-

1024 892 1077 926 cio
1098 891 1238 925 Pascha
1261 900 1339 924 cum
1358 889 1551 933 discipulis
1567 891 1666 925 meis.
1687 887 1800 932 Quasi

1024 938 1204 973 diceret:
1240 936 1333 973 Volo
1364 935 1489 981 parari
1518 936 1617 981 apud
1644 940 1693 974 te
1718 945 1802 981 quae

1024 984 1225 1029 exiguntur
1245 983 1292 1018 ad
1320 982 1590 1019 comestionem
1619 983 1707 1029 agni
1736 993 1801 1028 pa-

1025 1030 1175 1075 schalis,
1196 1034 1233 1066 et
1249 1030 1333 1066 ideo
1356 1030 1511 1075 provide
1536 1030 1627 1066 mihi
1651 1033 1695 1066 de
1719 1029 1802 1065 loco

1025 1081 1061 1114 et
1087 1078 1196 1121 cibo,
1188 1090 1195 1097 ·
1216 1078 1315 1113 unde
1337 1077 1501 1112 creditur
1522 1077 1620 1123 quod
1636 1076 1699 1113 ille
1722 1078 1804 1112 erat

1026 1124 1231 1177 discipulus
1257 1124 1407 1165 Chiisti,
1445 1124 1510 1160 sed
1546 1125 1730 1167 occultus;
1767 1126 1805 1159 et

1024 1172 1108 1208 ideo
1122 1170 1285 1218 providit
1299 1172 1344 1207 de
1359 1172 1455 1215 loeo,
1462 1176 1497 1207 et
1514 1172 1559 1207 de
1578 1182 1689 1217 agno.
1706 1173 1743 1207 et
1757 1170 1803 1206 de

1025 1216 1106 1255 aliis
1127 1218 1348 1254 necessariis
1365 1218 1403 1253 in
1424 1217 1584 1254 convivii
1601 1198 1802 1254 celebrati-

1025 1277 1095 1302 one
1108 1266 1306 1312 paschalis
1324 1267 1364 1300 In
1383 1276 1455 1311 quo
1470 1269 1626 1318 apparet
1640 1264 1804 1301 maxima

1024 1316 1224 1360 paupertas
1239 1311 1389 1355 Christi,
1401 1313 1490 1358 quia
1504 1312 1556 1348 ita
1569 1323 1710 1358 pauper
1724 1315 1804 1348 erat

1025 1361 1122 1406 quod
1146 1370 1213 1395 nec
1240 1359 1486 1403 domicilium,
1510 1370 1578 1396 nec
1605 1361 1804 1405 suscepta-

1025 1407 1148 1443 culum
1173 1407 1350 1450 habebat,
1372 1417 1441 1442 nec
1465 1407 1562 1442 unde
1584 1406 1803 1459 paschalem

1024 1455 1148 1490 cibum
1165 1464 1289 1489 emere
1307 1457 1452 1499 posset;
1473 1457 1509 1489 et
1525 1453 1609 1490 ideo
1630 1452 1803 1500 discipuli

1025 1501 1309 1545 interrogabant
1323 1511 1408 1536 eum
1428 1501 1490 1536 ubi
1509 1502 1652 1537 Pascha
1668 1510 1803 1547 parare

1025 1549 1219 1584 deberent.
1237 1547 1400 1583 Audiant
1420 1548 1499 1583 haec
1518 1551 1554 1583 et
1575 1549 1804 1584 erubescant

1025 1595 1161 1639 quibus
1178 1605 1266 1630 cura
1281 1594 1387 1630 estin
1408 1594 1640 1630 {edificandis
1655 1594 1799 1640 magnis

1026 1642 1199 1678 domibus
1221 1644 1256 1676 ct
1278 1640 1499 1686 ambitiosis,
1519 1646 1556 1678 et
1570 1652 1802 1688 congregan-

1026 1689 1084 1725 dis
1107 1689 1314 1731 thesauris3
1351 1692 1583 1733 cognoscant
1614 1688 1802 1726 Christum

1028 1735 1195 1772 omnium
1218 1735 1435 1779 Dominum,
1464 1736 1552 1781 quia
1579 1736 1702 1772 Iocum
1741 1735 1805 1772 ubi

1029 1787 1196 1819 coenaret
1228 1783 1284 1818 vel
1320 1783 1432 1818 etiam
1454 1787 1566 1829 caput
1586 1783 1802 1828 reclinaret,

1029 1834 1095 1867 aut
1116 1830 1239 1865 cibum
1263 1840 1373 1875 quem
1394 1829 1659 1876 acciperet,ve]
1691 1841 1803 1876 pecu-

1030 1876 1131 1913 niam
1150 1877 1247 1912 unde
1265 1880 1407 1913 emeret
1429 1888 1503 1913 non
1527 1877 1703 1914 habebat.
1732 1878 1801 1914 At-

1030 1924 1189 1960 tendant
1211 1934 1250 1960 se
1269 1934 1399 1969 parum
1422 1925 1556 1961 distare
1580 1924 1626 1961 ab
1646 1923 1805 1961 infideli-

1031 1973 1115 2015 bus,
1139 1971 1237 2007 idola
1266 1974 1301 2006 et
1337 1981 1451 2017 opera
1479 1982 1655 2008 manuum
1682 1971 1802 2008 homi-

1032 2029 1120 2055 num
1142 2017 1364 2054 colentibus.
1380 2017 1549 2054 Studium
1566 2018 1667 2055 enim
1682 2029 1798 2072 pone-

1032 2077 1072 2101 re
1092 2068 1128 2101 et
1154 2064 1331 2101 delectari
1358 2064 1395 2100 in
1418 2065 1563 2110 magnis
1585 2069 1620 2102 et
1640 2065 1804 2111 pulchris

1033 2111 1216 2156 aedificiis,
1237 2112 1293 2147 vel
1315 2111 1350 2147 in
1374 2112 1574 2156 thesauris,
1595 2113 1684 2158 quid
1701 2113 1805 2150 aliud

1034 2164 1091 2196 est
1113 2169 1227 2205 quam
1260 2159 1382 2194 colere
1412 2159 1529 2205 ligna,
1563 2161 1619 2195 vel
1642 2160 1802 2206 lapides,

1034 2207 1090 2243 vel
1102 2211 1300 2251 argentum
1311 2209 1346 2241 et
1359 2216 1491 2242 aurum
1507 2217 1590 2242 cum
1601 2207 1805 2244 Gentibus?

1033 2256 1080 2290 Et
1102 2254 1269 2288 abierunt
1298 2252 1481 2299 discipuli,
1505 2257 1537 2289 et
1557 2257 1742 2290 venerunt
1763 2253 1802 2290 in

1035 2300 1235 2344 civitatem,
1264 2303 1299 2336 et
1319 2302 1531 2336 invenerunt
1550 2302 1644 2337 sicut
1659 2302 1806 2338 diccerat

1034 2349 1124 2389 illis,
1146 2351 1179 2384 et
1198 2351 1419 2392 paraverunt
1439 2349 1589 2391 Pascha,
1618 2347 1656 2383 id
1677 2351 1731 2384 cst
1750 2359 1806 2385 re-

1034 2394 1235 2430 fectionem
1260 2395 1411 2430 Paschae
1432 2393 1470 2430 in
1498 2399 1622 2431 monte
1642 2394 1744 2440 Sion,
1769 2398 1806 2432 et

1034 2442 1226 2478 coenaculo
1253 2440 1343 2486 ipsis
1382 2445 1545 2477 ostenso.
1575 2441 1627 2478 lbi
1662 2443 1806 2479 Pascha

1033 2489 1367 2532 manducaverunt,
1382 2487 1431 2524 ibi
1453 2491 1538 2533 post
1564 2489 1806 2526 resurrectio-

1034 2547 1119 2572 nem
1141 2534 1469 2581 Dominidiscipuli
1488 2539 1640 2589 piopter
1660 2541 1804 2574 metum

1033 2583 1249 2620 Judaeorum
1286 2583 1493 2626 latueiunt‚
1538 2582 1589 2619 ibi
1626 2582 1804 2630 Spiritum

1035 2631 1210 2667 Sanctum
1232 2629 1271 2665 in
1297 2628 1357 2665 die
1387 2630 1625 2667 Pentecostes
1650 2641 1802 2677 recepe-

1034 2680 1133 2720 lunt,
1153 2687 1194 2712 ιε
1214 2676 1330 2713 multa
1351 2679 1386 2712 et
1414 2687 1550 2722 magna
1568 2677 1709 2714 ibidem
1725 2688 1800 2731 ρει·

1034 2723 1231 2760 Dominum
1253 2724 1350 2759 sacta
1371 2727 1467 2759 sunt.
1482 2724 1547 2760 Hic
1567 2735 1676 2761 mons
1697 2724 1744 2761 Si
1739 2736 1800 2770 ιιι,

1033 2782 1133 2807 mons
1156 2772 1380 2815 eoaqulatus,
1399 2782 1499 2807 mous
1517 2773 1680 2817 pinquis
1701 2782 1801 2807 mons

1033 2820 1071 2856 in
1098 2829 1166 2866 quo
1186 2819 1446 2866 beneplacitum
1466 2823 1518 2855 est
1542 2821 1611 2856 Deo
1637 2819 1802 2856 habitare
