1907 3139
327 206 376 239 DE
414 207 751 247 VENTILATIONE
789 215 913 249 AREAE
951 215 994 249 IN
1032 214 1242 249 EXTREMO
1279 214 1470 250 JUDICIO.
1659 215 1721 252 309

78 273 167 326 ηίερ,
211 273 389 321 benedicti
424 278 551 313 Patris
582 282 665 316 mei.
693 282 722 317 Ο
749 293 861 328 quam

79 319 206 373 felices
232 325 269 357 et
295 322 393 358 beati
415 323 478 369 qui
499 326 570 361 hoc
592 327 698 364 dulce
722 328 862 368 invita-

78 369 215 419 tomum
237 369 284 405 ad
303 380 342 405 se
364 370 547 408 directum
567 377 774 412 meruerint
796 389 860 415 au-

78 413 172 467 dire,
194 420 231 451 et
261 427 294 469 a·
321 417 480 454 Domino
520 419 666 457 invitati
701 435 859 469 regnum

77 471 160 507 eJus
192 466 415 510 percipere!
440 467 740 513 Frequentcmus
768 484 858 517 ergo

75 519 176 545 nunc
190 513 226 563 et
241 515 436 564 cantemus
452 514 586 552 devote
598 516 859 556 invitatorium

76 556 266 603 Ecclesiae,
277 559 444 597 dicentes
459 573 466 597 :
484 564 613 599 Venite
626 568 860 603 .eoesultemus

75 605 242 647 Domino,
264 610 305 659 ut
331 610 423 644 tunc
449 620 533 646 cum
555 611 685 648 electis
707 624 861 651 merea—

76 661 163 686 mur
188 654 319 690 audire
345 654 600 694 invitatorium
626 661 789 707 Domini,
825 667 861 699 et

76 709 238 744 regnare
266 703 346 738 sine
373 703 448 740 fine
476 716 558 741 curn
585 717 643 743 eo.

123 750 145 790 [4
182 748 304 785 OPERA
339 762 597 789 MISERICORDIAE
641 767 686 790 AD
726 768 858 794 conrus

77 805 325 847 PE-RTINENTIA.
342 818 383 823 —
408 800 450 834 Et
469 804 780 840 commemorabit
793 806 858 840 Do-

75 851 200 895 minus
223 854 287 879 sex
312 855 427 890 opera
448 847 734 895 misericordiae,
759 852 797 887 in
818 863 858 888 se

75 894 194 935 capite
231 894 267 926 et
302 891 341 928 in
377 895 558 931 membris
591 897 668 933 suis
701 903 857 944 propter

74 947 159 990 eum
183 937 295 983 facta,
321 950 403 985 quae
432 946 519 977 sunt
548 954 556 978 :
579 954 736 989 pascere
763 957 856 981 esu—

73 988 247 1038 rientem,
270 991 404 1033 potare
439 988 646 1036 sitientem,
669 993 856 1030 collocare

73 1031 280 1084 hospitem,
320 1036 457 1072 vestire
502 1038 660 1081 nudum,
703 1040 855 1077 visitare

72 1079 280 1134 mfflmum,
293 1084 479 1119 consolari
494 1085 724 1123 vinculatum
741 1091 777 1123 et
789 1100 856 1135 per

73 1126 154 1163 haec
179 1129 403 1175 lntelligitur
428 1132 644 1179 septimum,
672 1135 772 1180 quod
798 1140 855 1172 est

73 1173 112 1209 in
144 1175 274 1221 Tobia‚
302 1177 446 1215 scilicet
478 1180 638 1227 sepelire
668 1186 851 1220 mortuos.

74 1222 176 1259 Unde
199 1234 330 1261 versus
353 1235 360 1260 :

109 1319 242 1363 Visito,
261 1325 359 1368 poto,
385 1324 477 1365 cibo,
499 1324 651 1367 redimo,
673 1329 765 1371 teqo,
785 1328 854 1363 col-

595 1372 698 1419 awo,
723 1375 850 1412 condo.

70 1463 114 1498 Et
134 1466 540 1513 secundumquosdam
562 1479 639 1504 non
656 1469 727 1505 erit
748 1470 849 1506 aliud

70 1510 150 1564 haec
171 1515 495 1559 commemoratio,
516 1515 588 1551 nisi
610 1517 698 1561 quia
719 1528 850 1553 omnes

70 1563 190 1595 solent
207 1562 342 1597 merita
372 1573 530 1608 sua,pro
561 1564 697 1609 quibus
725 1565 848 1601 salva-

68 1605 209 1643 buntur
234 1609 291 1644 vel
322 1609 435 1645 etiam
456 1611 749 1648 damnabuntur.
780 1612 848 1649 Ubi

69 1653 342 1699 chrysostomus
360 1672 368 1694 :
394 1672 410 1691 (ι
428 1658 540 1694 Putas
553 1663 693 1704 quanto
710 1661 849 1706 gaudio

68 1702 638 1755 extollunturSanctiquandoin
648 1712 851 1753 conspectu

66 1752 597 1802 omnlumAngelorum,quod
610 1754 776 1789 fecerunt
788 1755 853 1790 ho-

67 1798 232 1848 minibus
247 1798 385 1835 fatetur
399 1810 438 1835 se
453 1800 658 1846 accepisse,
672 1812 759 1836 nam
778 1802 851 1837 tale

66 1843 215 1880 videtur
235 1856 330 1892 opus
345 1857 475 1882 eorum
495 1858 566 1883 uon
591 1848 701 1893 quale
723 1849 851 1884 datum

66 1893 217 1945 est‚'sed
232 1894 353 1938 qualis
362 1905 524 1940 persona
536 1894 635 1931 illius
649 1898 705 1931 est
719 1895 780 1941 qui
794 1907 852 1931 ac-

66 1942 164 1985 cepit
181 1951 219 1975 :»
242 1941 323 1977 haec
353 1943 639 1986 Chrysostomus.
658 1943 729 1979 Sed
741 1943 849 1988 justi,

66 1986 172 2031 quasi
205 1988 355 2025 laudem
382 1989 568 2035 fugientes
591 2018 600 2034 ,
632 1989 848 2037 interroga-

65 2033 317 2081 buntquando
340 2037 419 2072 haec
435 2036 504 2073 sibi
523 2037 691 2073 fecerint.
711 2039 848 2074 Secun-

64 2081 154 2117 dum
182 2085 402 2128 Remmium,
431 2084 470 2120 in
501 2084 741 2121 conscientiis
768 2085 847 2121 suis

67 2129 118 2165 ita
134 2132 429 2177 respondebunt,
453 2143 528 2167 non
550 2131 766 2168 dubitantes
788 2133 845 2168 vel

64 2175 279 2214 diffidentes
293 2179 339 2215 de
362 2179 486 2215 verbis
501 2179 674 2223 Domini;
700 2181 764 2215 sed
787 2179 843 2215 vel

64 2228 258 2270 stupentes
273 2236 341 2272 pro
359 2226 619 2272 magnitudine
635 2226 844 2273 majestatis

63 2272 191 2318 Regis,
212 2274 282 2316 vel,
304 2273 393 2319 quia
427 2284 585 2320 parvum
614 2274 763 2309 videtur
790 2274 844 2310 eis

62 2329 173 2356 omne
198 2321 339 2357 bonum
368 2322 467 2367 quod
492 2322 664 2357 fecerunt
689 2331 842 2367 compa—

60 2366 206 2404 ratione
226 2368 387 2415 praemii‚
407 2369 513 2414 juxta
539 2369 633 2404 illud
658 2369 839 2415 Apostoli:

61 2416 142 2452 Non
181 2420 267 2452 sunt
288 2417 474 2460 condionae
507 2418 697 2462 passiones
733 2416 843 2461 hujus

62 2464 233 2509 temporis
253 2465 302 2499 ad
320 2466 487 2507 futuram
508 2466 666 2508 obortam
688 2474 767 2508 quae
785 2474 842 2498 re-

61 2511 244 2546 velabitur
264 2513 304 2546 in
322 2512 440 2546 nobis.
462 2512 569 2547 Unde
592 2512 644 2547 ait
679 2512 842 2555 Chryso—

62 2561 199 2593 stomus
215 2571 226 2593 .·
248 2572 265 2591 «
284 2559 312 2595 Ο
330 2558 540 2602 humilitas,
564 2570 648 2605 quae
668 2569 737 2593 nec
756 2561 841 2603 post

62 2609 223 2641 mortem
244 2605 422 2641 deficies!
447 2606 571 2642 Homo
597 2606 697 2641 euim
720 2605 841 2640 malus

63 2651 176 2688 etiam
213 2652 315 2688 t'alsis
354 2653 563 2689 honoribus
610 2654 841 2695 delectatur,

62 2699 120 2735 vir
136 2703 262 2735 autem
294 2701 413 2735 bonus
439 2700 553 2736 etiarn
575 2700 644 2736 sibi
675 2699 843 2735 debitam

63 2745 213 2782 laudem
235 2747 349 2792 sugit;
373 2748 425 2783 sic
452 2752 487 2783 et
516 2748 654 2791 Sancti,
678 2746 844 2783 debitam

65 2793 133 2830 sibi
147 2794 296 2830 laudem
314 2794 706 2841 repellentes,dicent:
724 2795 847 2837 Quan-

65 2841 110 2876 do
130 2845 164 2879 te
187 2843 347 2879 vidimus
367 2844 594 2884 esurientem,
613 2846 682 2880 etc.
697 2853 705 2877 z
723 2855 741 2873 »
766 2842 847 2877 haec

937 286 1222 330 Chrysostomus.
1258 286 1307 320 Et
1341 285 1561 330 respondens
1602 288 1680 324 Rem
1706 315 1718 329 ,

936 333 1030 369 dicet
1055 333 1133 367 illis
1155 345 1165 367 :
1187 332 1304 367 Amen
1340 332 1420 367 dico
1446 332 1561 373 vobis,
1585 345 1715 379 quam-

937 381 1015 425 diu,
1037 379 1075 416 id
1099 382 1155 415 est
1180 390 1224 414 eo
1246 382 1283 414 et
1304 383 1446 424 quanto
1464 382 1648 426 tempore,
1664 383 1718 425 fe-

937 430 1052 471 cistis,
1075 427 1112 462 id
1137 430 1197 463 est
1220 436 1336 470 opera
1369 425 1637 463 misericordiae
1659 439 1718 464 ex-

936 474 1110 511 hibuistis
1131 476 1196 509 uni
1215 473 1258 508 de
1280 474 1336 507 liis
1352 474 1537 515 fratribus
1549 478 1636 509 meis
1654 477 1721 511 mi-

935 524 1046 558 nimis
1061 551 1069 567 ‚
1106 523 1198 557 mihi
1234 522 1389 564 fecistis.
1434 521 1583 557 Fratres
1620 526 1719 563 sunt,

936 569 1024 615 quia
1044 570 1215 605 fecerunt
1229 567 1463 603 voluntatem
1486 568 1631 612 Patris;
1652 569 1719 604 mi-

936 616 1027 652 nimi
1050 628 1152 660 vero,
1181 615 1269 662 quia
1303 615 1455 650 suerunt
1493 615 1654 651 humiles
1681 620 1719 651 et

934 664 1085 710 abjecti.
1110 663 1177 700 Ubi
1206 663 1305 699 idem
1327 663 1601 706 chrysostomus
1622 675 1630 699 ;
1653 676 1669 696 α
1690 664 1718 699 O

934 712 1084 748 bonitas
1109 710 1263 747 Christi!
1291 709 1477 753 Quamdiu
1500 708 1538 745 in
1558 720 1716 756 corpore

934 758 1208 804 contemptibili
1235 762 1316 794 erat
1342 757 1381 792 in
1412 757 1568 801 mundo,
1592 758 1716 793 fuerat

933 806 1147 842 verisimilis
1174 805 1285 850 ratio,
1316 809 1355 840 ut
1383 807 1540 851 propter
1581 804 1718 840 simili-

932 853 1101 889 tudinem
1122 852 1281 889 visionis
1316 852 1452 887 fratres
1483 862 1572 888 suos
1594 852 1717 888 homi-

933 912 1000 936 nes
1022 900 1229 947 appellaret
1248 911 1256 943 3
1279 899 1369 946 quid
1387 902 1513 935 autem
1527 899 1715 944 dicamus,

934 948 1034 994 quod
1054 948 1170 983 inilla
1184 947 1305 993 gloria
1327 946 1569 991 constitutus,
1589 947 1716 983 adhuc

933 1000 1133 1032 contentus
1155 999 1211 1031 est
1229 1006 1293 1031 eos
1313 994 1439 1030 dicere
1459 994 1608 1039 fratres,
1629 995 1714 1040 qui-

934 1044 1003 1079 bus
1023 1043 1213 1079 sufficeret
1233 1043 1279 1078 acl
1299 1042 1449 1078 laudem
1469 1041 1497 1077 si
1514 1042 1570 1078 vel
1593 1043 1715 1078 bonos

934 1101 1061 1126 servos
1099 1090 1182 1126 illos
1214 1089 1392 1125 vocaret?
1420 1102 1438 1123 »
1468 1091 1512 1124 Et
1546 1090 1712 1126 iterum:

934 1152 950 1171 «
975 1139 1134 1184 Propter
1152 1139 1223 1173 hoc
1238 1137 1339 1173 enim
1357 1139 1444 1173 sunt
1462 1137 1612 1181 fratres,
1628 1136 1716 1183 quia

931 1185 1105 1227 humiles,
1128 1185 1217 1231 quia
1248 1184 1385 1230 abjecti
1420 1187 1455 1220 et
1487 1184 1712 1229 contempti-

931 1232 1037 1275 biles,
1058 1234 1125 1269 hos
1146 1232 1247 1268 enim
1267 1233 1361 1268 tales
1388 1231 1549 1267 maxime
1570 1231 1611 1267 in
1636 1234 1712 1268 t'ra-

929 1280 1147 1316 tei-nitatem
1168 1282 1288 1316 vocat.
1312 1292 1330 1312 »
1353 1280 1458 1315 Unde
1480 1282 1517 1315 et
1535 1280 1713 1324 Au9ustt'-

929 1339 997 1363 nus
1020 1340 1061 1364 2«
1084 1327 1225 1363 Minimi
1253 1338 1342 1373 ergo
1365 1326 1427 1373 qui
1447 1330 1535 1362 sunt
1555 1326 1712 1371 Christi,

929 1376 969 1410 hi
990 1375 1042 1410 illi
1070 1380 1156 1411 sunt
1178 1374 1240 1421 qui
1270 1373 1398 1410 omnia
1427 1373 1657 1410 dimiserunt
1677 1377 1714 1409 et

928 1422 1044 1458 secuti
1073 1427 1160 1458 sunt
1180 1432 1282 1466 eum,
1304 1425 1340 1457 et
1361 1420 1542 1466 quidquid
1563 1421 1712 1457 habue-

926 1475 1017 1505 runt
1034 1469 1263 1516 pauperibus
1277 1468 1564 1511 distribuerunt,
1582 1472 1624 1504 ut
1638 1469 1716 1504 Deo

928 1516 1008 1553 sine
1041 1517 1203 1552 seculari
1232 1516 1413 1561 compede
1440 1515 1601 1561 expediti
1635 1526 1715 1551 ser-

929 1565 1063 1609 virent,
1081 1568 1118 1600 et
1148 1564 1195 1599 ab
1218 1564 1396 1599 oneribus
1428 1562 1558 1598 mundi
1577 1562 1715 1599 liberos

927 1612 1028 1647 velut
1052 1614 1237 1658 pennatos
1263 1621 1412 1646 sursum
1443 1610 1621 1646 humeros
1643 1610 1714 1646 tol-

926 1659 1060 1695 lerent.
1085 1659 1129 1694 Hi
1145 1662 1231 1694 sunt
1254 1657 1426 1703 minimi3
1451 1668 1565 1704 quare
1602 1657 1715 1693 mini-

927 1706 1008 1742 mi?
1039 1706 1133 1750 Quia
1167 1706 1344 1749 humiles,
1377 1706 1465 1751 quia
1498 1716 1574 1740 non
1599 1705 1714 1749 elati,

928 1758 964 1789 et
987 1753 1070 1799 quia
1094 1764 1171 1789 non
1189 1753 1353 1798 superbi.
1372 1753 1624 1798 Apprehende
1648 1752 1714 1788 mi-

928 1800 1051 1836 nimos
1071 1800 1177 1845 istos,
1204 1804 1241 1835 et
1260 1810 1374 1846 grave
1398 1801 1543 1845 pondus
1568 1799 1714 1835 inveni-

929 1859 969 1883 es
997 1859 1005 1882 :
1030 1861 1047 1879 >³
1070 1848 1151 1883 haec
1171 1848 1418 1891 Auqustinus.
1442 1846 1612 1883 Christus
1635 1847 1714 1883 ita-

929 1906 1000 1941 que
1018 1894 1057 1930 in
1076 1894 1331 1931 esurientibus
1349 1893 1478 1937 esurit,
1498 1893 1538 1929 in
1558 1893 1715 1930 sitienti-

928 1943 995 1978 bus
1022 1941 1120 1985 sitit,
1148 1941 1185 1977 in
1215 1940 1377 1977 infirmis
1412 1944 1585 1987 aegrotat,
1611 1945 1649 1977 et
1676 1941 1712 1977 in

927 1989 1011 2025 aliis
1028 1988 1201 2024 similiter
1216 1988 1378 2034 patitur3
1395 1999 1533 2034 magna
1550 1999 1640 2035 ergo
1656 1999 1712 2025 re-

926 2035 1096 2072 verentia
1128 2035 1358 2082 suscipiendi
1385 2040 1473 2072 sunt
1500 2035 1646 2071 minimi
1674 2041 1711 2072 et

928 2094 1111 2130 pauperes
1134 2083 1290 2128 Christi;
1313 2086 1350 2118 et
1371 2093 1456 2119 cum
1486 2094 1624 2128 magna
1651 2094 1711 2119 ve-

925 2130 1120 2166 neratione
1155 2130 1396 2166 serviendum
1417 2133 1474 2166 est
1492 2130 1561 2175 eis,
1594 2130 1709 2176 siqui-

924 2179 1010 2214 dem
1030 2177 1200 2214 Christus
1220 2177 1258 2213 in
1281 2179 1335 2214 eis
1361 2177 1562 2224 suscipitur
1585 2181 1623 2213 et
1646 2179 1710 2213 ho-

924 2229 1093 2261 noratur.
1117 2225 1222 2261 Unde
1251 2226 1448 2269 Greqorius
1472 2238 1480 2261 :
1517 2239 1534 2259 ι(
1562 2225 1619 2261 Ad
1638 2226 1708 2261 tri-

924 2273 1119 2308 buendum
1131 2283 1222 2319 ergo
1238 2273 1337 2319 pigri
1357 2283 1423 2308 cur
1436 2272 1542 2317 estis,
1556 2273 1710 2318 quando

921 2321 993 2355 hoc
1014 2320 1113 2365 quod
1134 2320 1277 2366 Jacenti
1305 2319 1345 2355 in
1367 2324 1472 2356 ‘terra
1497 2320 1708 2366 porrigitis,

921 2368 1067 2403 sedenti
1094 2367 1131 2402 in
1152 2368 1247 2403 coelo
1266 2367 1390 2403 datis?
1416 2380 1434 2402 »

969 2418 988 2448 5
1008 2414 1130 2450 OPERA
1144 2426 1402 2451 Miseniconniffi
1414 2427 1460 2450 AD
1474 2426 1611 2451 ΑΝΙΜΑΜ
1624 2427 1709 2451 PER-

920 2474 1151 2498 TINENTIA.-—
1165 2464 1251 2498 Haec
1274 2462 1470 2508 praemissa
1488 2466 1573 2498 sunt
1594 2473 1711 2508 opera

921 2509 1204 2554 misericordiae,
1257 2510 1303 2546 ad
1341 2511 1509 2556 corporis
1538 2509 1711 2545 miserias

920 2556 1170 2602 pertinentia3
1194 2557 1242 2592 ad
1260 2557 1405 2593 animas
1428 2568 1515 2592 vero
1537 2560 1705 2603 spectat:

920 2607 961 2640 ut
987 2604 1216 2640 esurientem
1246 2608 1284 2640 et
1303 2603 1708 2650 sitientemjustitiam,

921 2662 1018 2697 pane
1038 2652 1141 2687 verbi
1160 2651 1227 2687 Dei
1260 2651 1423 2696 reficias,
1456 2656 1493 2687 et
1522 2656 1612 2697 potu
1654 2661 1710 2686 sa-

922 2698 1075 2745 pientiae
1107 2698 1322 2744 refrigeres,
1343 2702 1533 2734 errantem
1551 2708 1618 2744 per
1635 2697 1710 2733 hae-

923 2746 1052 2790 resim,
1072 2757 1137 2791 per
1159 2746 1335 2789 schisma,
1354 2746 1411 2782 vel
1432 2756 1499 2791 per
1515 2749 1710 2791 peccatum

924 2792 963 2828 in
984 2793 1138 2829 domum
1159 2793 1290 2829 matris
1315 2793 1491 2829 Ecclesiae
1512 2791 1577 2828 Dei
1600 2802 1709 2827 revo-

923 2840 1251 2884 ces,innocentem
1272 2851 1295 2877 a
1312 2841 1420 2876 malis
1437 2843 1627 2886 protegas,
1643 2849 1710 2874 nu-
