1907 3139
110 142 169 176 278
564 140 771 176 SECUNDAE
809 139 967 173 PARTIS
1005 139 1144 173 CAPUT
1182 139 1291 173 XLIV

107 211 169 257 do,
181 211 271 265 quia
287 215 398 248 aestas
412 214 621 257 esttempus
636 210 881 262 fructiferum,

106 259 226 295 sicin
261 270 376 306 regno
410 260 616 302 coelorum3
644 257 768 300 tertio,
797 256 884 302 quia

105 309 216 343 aestas
242 309 298 342 est
304 288 471 352 ”tempus
498 306 720 357 jucundum,
743 304 794 339 sic
820 314 883 339 re-

104 364 220 399 gnum
238 354 439 393 coelorum:
460 356 606 405 quarto.
626 363 712 398 quia
724 354 814 387 aetas
829 361 866 386 es
853 353 884 386 t

101 403 250 454 tempus
269 400 531 446 tranquillum,
551 410 603 435 Sic
621 399 659 434 in
679 408 794 443 regno
816 397 881 434 Dei

104 447 267 484 cessabit
285 448 457 484 nubilum
474 445 773 483 tribulationum

153 498 173 531 5
201 496 281 531 D1E1
315 506 440 532 ,moion
482 504 715 530 anconnssno
762 510 806 517 —
840 492 884 527 Et

106 542 336 579 confirmans
357 541 553 594 praemissa
570 551 646 577 ass
645 539 780 575 rtione
802 549 882 575 cer-

108 587 324 634 tificatoria,
355 588 577 634 subjungit:
606 589 735 627 Amen,
763 586 801 621 id
828 588 885 621 est

110 646 214 680 vere,
237 637 317 672 dico
337 637 450 676 vobis,
476 637 563 681 quia
588 646 659 670 non
682 633 885 679 praeteribit

110 685 295 728 qeneratio
313 684 398 724 haec,
419 682 456 718 id
474 685 529 718 est
546 693 621 718 non
636 680 785 717 deficiet
804 681 885 715 haec

112 733 216 767 sexta
234 734 325 766 aetas
352 731 517 766 omnium
545 728 740 765 hominum
760 727 886 763 malo—

111 788 195 813 rum
216 780 253 813 et
275 778 477 819 bonorum,
501 778 570 812 hoc
599 779 654 812 est
675 786 791 821 genus
820 775 885 810 hu-

110 834 285 868 manum;
320 824 406 869 vel,
442 823 653 870 specialiter
691 821 885 867 generatio

111 872 206 913 haec,
241 870 381 907 scilicet
398 852 532 907 'Judae‹
534 880 649 913 mum,
689 880 772 915 quae
810 879 886 921 non

110 918 260 954 deficiet
282 930 324 953 ex
348 921 440 962 toto,
470 917 557 963 quia
583 920 703 962 potest
723 914 884 962 opprimi

107 968 145 1001 et
164 965 343 1010 dispergi,
367 946 443 1000 nori
464 968 591 1000 tamen
611 964 673 999 de
677 963 750 999 trui
764 966 800 998 et
821 973 885 998 an-

106 1011 259 1048 nihilari
282 1013 329 1047 ob
347 1011 568 1047 memoriam
588 1010 787 1054 Crucifixi3
812 1010 884 1054 vel,

106 1057 389 1105 generationem
444 1057 743 1094 Christianorum
796 1056 885 1092 dicit

106 1105 323 1149 Ecclesiam,
343 1105 472 1140 volens
489 1104 693 1157 discipulos
715 1104 884 1139 consola-

107 1151 155 1196 ri,
176 1163 223 1188 ne
244 1152 442 1188 crederent
467 1152 566 1197 quod
594 1151 631 1187 in
652 1150 725 1186 illis
745 1154 889 1196 tempo-

110 1180 527 1242 ribusfidesdeficeret;
538 1199 790 1242 donecomm'a,
804 1208 886 1243 quae

112 1246 212 1282 circa
231 1245 367 1282 Christi
383 1227 584 1282 advent’um
605 1245 785 1291 praedicta
801 1247 888 1280 sunt

112 1296 216 1340 fiant,
234 1296 270 1329 et
289 1292 427 1329 suerint
441 1298 711 1329 consummata.
734 1292 810 1333 Vel,
829 1303 887 1327 sc-

114 1340 277 1377 cundum
294 1341 598 1384 Cltrysostomum‚
619 1340 738 1375 donec
766 1339 888 1375 ailim-

115 1388 263 1433 pleatur
299 1398 411 1423 omne
441 1387 660 1433 mysterium
682 1386 889 1422 vocationis

117 1436 357 1478 Sanctorum,
375 1435 463 1480 quia
481 1440 825 1480 quantumcumque
850 1434 891 1468 si-

117 1482 220 1518 deles
237 1483 499 1527 opprimantur
513 1485 682 1527 tempore
701 1480 890 1516 Antichri-

116 1529 177 1572 sti,
205 1532 372 1564 attamen
409 1529 524 1574 aliqui
560 1529 833 1574 permanebunt
854 1527 892 1562 in

115 1577 189 1612 fide
211 1575 365 1611 stabiles
392 1586 508 1621 usque
532 1576 578 1611 ad
605 1575 719 1610 finem
746 1574 889 1610 mundi.

115 1622 185 1660 Ubi
206 1623 251 1658 de
277 1622 459 1668 praedicta
479 1622 540 1658 die
561 1623 745 1658 adventus
766 1621 891 1657 Domi-

115 1670 153 1706 ni
191 1680 257 1705 nos
287 1670 391 1715 quasi
423 1669 708 1714 praemonendo,
732 1669 782 1703 sic
803 1668 892 1703 dicit

116 1717 333 1760 Greqorius.
327 1729 335 1736 ·
357 1730 373 1749 «
395 1716 500 1751 Illum
517 1727 604 1762 crgo
624 1716 737 1759 diem,
758 1716 893 1751 fratres

117 1763 317 1806 carissimi,
332 1766 418 1799 ante
434 1763 562 1798 oculos
576 1763 714 1808 ponite,
736 1762 887 1815 etquid.

119 1810 208 1858 quid
243 1810 354 1846 modo
387 1821 500 1855 grave
527 1809 692 1845 creditur
736 1810 770 1844 in
813 1810 893 1854 eius

119 1857 400 1910 comparatione
434 1856 630 1903 levigatur.
661 1857 767 1892 Illum
794 1856 894 1892 diem

118 1908 199 1941 tota
218 1904 293 1940 inti
300 1908 427 1940 ntione
447 1915 513 1949 cog
506 1904 634 1947 itate;
668 1903 781 1938 vitun
804 1914 894 1939 cor-

121 1951 247 1997 rigite,
270 1962 393 1987 mores
414 1954 569 1994 mutate,
592 1950 690 1986 mala
712 1951 896 1986 tentantia

120 1999 331 2035 resistendo
361 1998 510 2039 vincite,
534 2001 749 2044 perpetrata
771 2000 895 2033 autem

121 2046 270 2082 fletibus
306 2046 449 2091 punite.
485 2045 693 2080 Adventum
734 2055 896 2090 namque

122 2092 252 2128 aeterni
274 2092 415 2128 Judicis
437 2095 542 2128 tanto
559 2091 768 2127 securiores
784 2102 899 2136 quan-

119 2140 242 2185 doque
263 2139 437 2175 videbitis
455 2168 463 2184 ,
487 2144 627 2184 quanto
649 2149 748 2174 nunc
773 2138 897 2174 distri-

124 2186 288 2222 ctionem
305 2185 404 2222 illius
422 2186 588 2222 timendo
611 2185 825 2232 praevenitis
849 2197 856 2221 :
879 2199 896 2220 »

125 2234 206 2270 haee
229 2234 438 2277 Greqorius.

172 2284 192 2324 4
212 2281 391 2316 COELonuu
411 2291 603 2316 Tnmsmis
630 2291 666 2316 m
693 2292 802 2316 snivsu
823 2292 898 2316 Lir-

124 2338 249 2362 TERALI
278 2339 319 2362 ET
345 2339 382 2362 IN
406 2339 515 2363 ansn
542 2339 742 2363 MORAL1.—
766 2329 809 2363 Et
833 2329 898 2363 ad-

124 2374 180 2410 dit
200 2374 401 2427 quamdam
432 2374 743 2420 protestationem
769 2375 816 2410 ad
840 2386 898 2411 as-

125 2420 330 2458 sertionem
349 2421 643 2467 praemissorum,
658 2421 810 2458 dicens:
827 2424 899 2459 Coe-

126 2470 216 2512 lum,
227 2468 369 2504 scilicet
385 2479 460 2504 non
475 2470 678 2505 aethereum
694 2468 899 2514 sidereum,

127 2515 192 2551 sed
219 2525 386 2560 aereum,
408 2526 430 2551 a
460 2526 531 2561 quo
564 2519 600 2552 et
633 2527 719 2552 aves
749 2517 832 2552 coeli
864 2519 902 2553 et

127 2561 257 2599 nubila
286 2561 367 2598 coeli
400 2562 725 2608 cognominantur,
746 2564 817 2599 hoc
847 2567 903 2600 est

130 2609 259 2645 inania
277 2610 358 2645 haec
384 2612 420 2645 et
447 2609 617 2646 nubilosa
637 2612 782 2646 ventosi
804 2610 902 2647 aeris

129 2656 262 2702 spatia,
283 2660 316 2692 et
340 2660 436 2692 terra
458 2658 679 2701 transibunt,
702 2657 739 2693 id
759 2662 815 2694 est
836 2669 902 2694 suo

131 2703 243 2740 modo
260 2704 517 2748 mutabuntur,
533 2703 672 2740 scilicet
690 2706 809 2750 quoatl
827 2716 903 2741 mu-

132 2750 316 2788 tationem
358 2750 560 2799 qualitatis,
595 2754 633 2787 et
670 2752 750 2799 eJus
790 2762 904 2799 quam

972 220 1069 245 nunc
1101 210 1242 246 habent
1272 208 1470 255 imaginis;
1508 218 1582 244 non
1618 208 1740 253 quoad

972 257 1262 293 destructionem
1283 256 1514 300 substantiae,
1537 255 1739 291 secundum

972 314 1081 349 quam
1098 304 1299 341 subsistent
1315 303 1396 340 sine
1412 304 1501 347 fine,
1518 302 1605 349 quia
1620 302 1742 348 quoad

972 351 1190 396 qualitatem
1203 351 1238 386 in
1252 351 1384 387 melius
1400 351 1740 394 commutabuntur,

971 400 1007 433 et
1026 398 1145 434 forma
1165 398 1281 444 priori
1309 398 1479 444 deposita
1499 398 1742 433 innovabun—

970 447 1044 488 tur,
1059 449 1100 481 ut
1117 445 1262 481 dicatur
1276 446 1411 481 coelum
1430 455 1581 483 novum
1595 447 1630 479 et
1644 448 1744 480 terra

971 502 1080 537 nova,
1100 494 1261 538 praeterit
1287 494 1380 527 enim
1411 493 1519 535 hujus
1546 491 1674 527 mundi
1706 493 1745 536 fi-

969 550 1080 583 qura3
1095 540 1159 575 sed
1174 539 1298 584 quoad
1311 539 1558 575 substantiam
1572 542 1608 574 et
1622 548 1746 573 essen-

969 585 1059 621 tiam
1095 596 1243 631 semper
1283 587 1487 621 manebunt
1522 584 1742 621 immobilia.

974 633 1092 669 Verba
1111 636 1230 668 autem
1248 644 1325 668 mea
1340 633 1626 668 fundamentum
1641 635 1744 668 aeter-

971 690 1029 716 nae
1046 680 1215 716 veritatis
1236 679 1427 723 habentia,
1450 681 1520 715 hoc
1539 683 1593 715 est
1610 680 1743 714 verbo-

972 737 1054 762 rum
1082 737 1249 763 meorum
1278 728 1488 770 sententiae,
1521 738 1592 762 non
1626 729 1745 761 trans-

971 775 1089 815 ibunt,
1113 774 1193 810 sine
1232 774 1367 810 effectu
1399 772 1649 820 impletionis;
1682 773 1747 809 sed

972 822 1067 857 sicut
1090 821 1276 865 dicuntur,
1301 823 1354 857 sic
1385 823 1464 857 sine
1487 821 1561 856 ulla
1581 820 1748 856 diminu-

971 868 1071 904 tione
1086 869 1351 914 implebuntur.
1364 869 1412 903 Ac
1430 868 1460 904 si
1476 868 1638 904 diceret:
1657 868 1748 902 Ecce

972 919 1113 961 quanta
1136 920 1192 951 est
1213 915 1398 951 stabilitas
1419 916 1619 951 verborum
1638 925 1748 950 meo-

972 973 1053 998 rum
1061 963 1170 1009 ,quia
1185 961 1328 998 facilius
1344 968 1400 998 est
1417 973 1461 998 ea
1477 973 1559 1007 quae
1574 962 1749 997 videntur

973 1021 1055 1046 esse
1085 1010 1192 1045 valde
1224 1010 1371 1046 stabilia
1404 1014 1441 1046 et
1471 1008 1656 1045 durabilia
1683 1009 1748 1044 de-

974 1056 1079 1101 strui,
1102 1068 1213 1103 quam
1239 1058 1441 1093 veiborum
1468 1067 1640 1092 meorum
1665 1066 1749 1101 quae

975 1104 1148 1140 videntur
1186 1115 1249 1148 per
1285 1104 1534 1150 prolationem
1570 1107 1748 1146 transire,

975 1151 1125 1196 aliquod
1158 1151 1343 1187 decidere.
1370 1151 1532 1187 Facilius
1564 1156 1620 1186 est
1652 1150 1750 1195 quod

974 1201 1052 1234 tota
1081 1201 1217 1234 natura
1238 1199 1490 1242 subvertatur,
1513 1208 1624 1244 quam
1650 1197 1751 1243 quod

977 1245 1185 1281 intellectus
1206 1246 1405 1281 verborum
1425 1255 1596 1281 meorum
1617 1244 1750 1280 efiectu

977 1303 1053 1327 non
1076 1293 1320 1338 compleatur.
1342 1293 1428 1328 Plus
1447 1291 1547 1328 enim
1568 1295 1753 1337 repugnat

978 1339 1113 1375 (livinae
1141 1340 1289 1375 veritati
1318 1351 1339 1375 a
1369 1339 1525 1375 veritate
1548 1340 1662 1375 verba
1686 1349 1753 1374 sua

978 1387 1153 1429 deficere,
1169 1397 1279 1432 quam
1301 1387 1564 1432 quodcumque
1584 1389 1751 1422 creatum

979 1435 1015 1469 in
1038 1415 1194 1469 nibiliim
1215 1434 1348 1480 redigi.
1368 1435 1598 1478 Augyustinus
1620 1432 1751 1469 distin-

978 1481 1057 1527 guit
1074 1481 1206 1527 triplex
1224 1481 1385 1517 coelum:
1408 1481 1593 1526 primum
1585 1490 1751 1526 aereum,

978 1529 1015 1564 in
1032 1539 1104 1572 quo
1124 1539 1211 1580 aves
1230 1528 1404 1571 volitant;
1421 1529 1625 1564 secundum
1642 1528 1754 1563 aethe-

979 1585 1104 1618 reum,
1128 1574 1164 1610 in
1196 1586 1268 1621 quo
1302 1575 1425 1611 sidera
1455 1579 1573 1618 stant;
1600 1574 1752 1611 tertium

980 1633 1221 1667 empyreum,
1252 1622 1289 1657 in
1324 1633 1395 1667 quo
1431 1624 1526 1658 Deus
1560 1625 1596 1658 et
1630 1621 1753 1658 Sancti

980 1669 1162 1704 habitant.
1185 1669 1351 1704 Primum
1374 1668 1563 1713 transibit,
1582 1680 1657 1704 non
1678 1669 1756 1714 qui-

981 1716 1064 1751 dem
1089 1717 1293 1752 secundum
1318 1716 1577 1760 substant-iarn,
1607 1716 1671 1751 sed
1696 1727 1754 1751 sc-

981 1763 1143 1799 cundum
1163 1764 1395 1809 qualitatem,
1412 1763 1499 1809 quia
1517 1763 1756 1799 innovabitur

982 1815 1017 1846 et
1037 1810 1283 1855 depurabitur
1302 1810 1521 1857 perignem.
1545 1810 1755 1847 Secundum

982 1857 1094 1893 etiam
1116 1858 1302 1900 transibit,
1323 1859 1384 1903 qui
1409 1869 1430 1894 a
1453 1861 1555 1894 motu
1580 1857 1753 1902 cessabit,

982 1908 1018 1940 et
1056 1905 1209 1941 habebit
1245 1905 1466 1948 claritatem,
1492 1915 1603 1951 quam
1642 1905 1753 1940 habet

981 1951 1050 1995 sol,
1072 1955 1107 1987 et
1143 1951 1210 1987 soli
1245 1952 1394 1987 dabitur
1428 1952 1502 1988 alia
1530 1951 1694 1996 claritas,
1719 1953 1757 1987 et

983 1999 1082 2034 lunae
1112 1998 1295 2034 similiter.
1323 1998 1491 2035 Cessabit
1517 2010 1605 2045 ergo
1635 2001 1757 2034 motus

985 2045 1067 2081 coeli
1103 2049 1139 2081 et
1169 2045 1431 2081 transmutatio
1467 2046 1505 2081 in
1541 2045 1756 2091 clementis,

985 2094 1073 2138 quia
1102 2092 1174 2128 ista
1201 2093 1247 2128 ad
1275 2093 1536 2139 complendum
1560 2103 1758 2129 numerum

986 2140 1188 2175 electorum
1209 2143 1293 2175 sunt
1315 2139 1505 2183 ordinata;
1529 2145 1564 2176 et
1583 2140 1666 2176 ideo
1687 2139 1758 2176 isto

986 2188 1171 2233 completo
1192 2187 1231 2222 in
1251 2187 1406 2233 judicio,
1430 2188 1644 2231 cessabunt,
1665 2186 1759 2223 sicut

986 2245 1030 2270 ea
1053 2245 1135 2280 quae
1160 2237 1244 2269 sunt
1274 2234 1321 2270 ad
1351 2234 1481 2277 finem,
1511 2234 1638 2270 habito
1669 2234 1757 2275 fine,

986 2291 1133 2317 cessare
1148 2281 1297 2317 debent.
1309 2281 1554 2317 —Moraliter
1574 2282 1674 2317 circa
1689 2282 1761 2317 hoc

988 2332 1088 2372 nota,
1100 2328 1197 2374 quod
1210 2327 1299 2373 quia
1313 2328 1472 2364 mundus
1487 2328 1556 2364 iste
1579 2331 1760 2373 quantum

986 2376 1034 2412 ad
1048 2386 1156 2411 omne
1173 2375 1229 2411 sui
1244 2375 1444 2421 appetibile
1465 2376 1613 2419 transit,
1632 2386 1761 2411 secun·

988 2423 1075 2458 dum
1099 2421 1199 2458 enim
1225 2424 1421 2466 Joannem,
1443 2423 1601 2458 mundus
1628 2424 1762 2458 transit

987 2474 1019 2505 et
1040 2471 1327 2515 concupiscentia
1353 2470 1453 2513 ejics‚·
1477 2469 1564 2506 hinc
1585 2473 1639 2506 est
1663 2469 1763 2515 quod

988 2516 1210 2569 quicumque
1244 2516 1302 2552 his
1340 2516 1540 2553 mundanis
1578 2517 1760 2570 adhzeret,

988 2564 1050 2600 ille
1067 2563 1177 2600 estin
1197 2563 1371 2600 continuo
1394 2564 1554 2600 transitu
1573 2574 1657 2600 cum
1679 2563 1760 2608 ipso

990 2611 1143 2647 mundo.
1169 2612 1211 2646 Et
1237 2612 1424 2664 piaecipue
1453 2610 1640 2663 triplicem
1673 2610 1762 2647 facit

989 2657 1187 2694 transitum
1224 2657 1474 2694 miserabilem
1513 2669 1521 2694 ε
1561 2668 1703 2704 primo
1739 2667 1761 2693 a

990 2706 1099 2759 culpa
1126 2704 1162 2740 iu
1192 2705 1283 2751 culp
1279 2715 1355 2747 tm
1380 2705 1556 2748 secundo,
1584 2705 1628 2741 de
1653 2705 1760 2751 culpa

989 2752 1029 2789 in
1044 2763 1209 2799 poenam3
1226 2751 1352 2798 tertio,
1362 2752 1408 2788 (16
1421 2752 1580 2800 poenain
1596 2762 1760 2799 poenam.
