1907 3139
281 157 332 191 ΗΕ
370 158 479 191 REGE
518 156 591 194 Qtil
633 156 790 189 VOLUIT
828 157 923 190 RAT.
966 156 1135 189 PONERE
1172 158 1255 191 CUM
1293 160 1419 196 SERV.
1458 164 1587 196 sists'.
1718 165 1756 198 65

127 238 209 262 eum
230 225 419 269 violentia,
439 236 521 261 cum
544 225 706 269 deceret,
730 227 766 260 et
787 224 814 259 si
841 224 899 260 ille

126 323 245 356 totum
275 320 466 366 accipias?
486 321 592 355 Nune
615 324 739 355 autem
775 319 901 355 omnia

126 367 215 403 sacis
228 370 264 403 et
279 367 416 413 litigas,
431 370 470 402 ut
490 366 583 402 nihil
603 366 670 402 tibi
691 366 901 403 dimittatur

125 417 286 451 tuorum.
311 415 570 459 Quotcumque
598 424 687 460 ergo
713 413 900 450 debitores

124 462 241 497 habes
281 464 318 497 et
356 461 600 506 pecuniarum
637 464 674 497 et
712 462 900 505 laborum,

123 560 461 592 remuneratorem.
482 557 622 592 Cuncta
637 555 753 602 igitur
780 559 815 592 et
835 566 901 602 pe-

122 603 253 639 cunias
267 608 303 639 et
314 607 484 650 peccata,
509 603 743 640 debitoribus
763 602 902 639 nostris

121 651 300 687 debemus
310 651 518 695 remittere,
530 654 569 686 ut
582 650 690 687 nobis
704 650 901 687 retributio

123 701 250 744 optata
272 698 487 744 proveniat;
509 699 683 744 quodque
698 697 904 744 neglexeri-

123 756 207 781 mus
226 757 295 792 per
314 747 427 782 aliam
449 746 598 791 explere
616 745 809 790 virtutem,
829 746 900 781 hoc

122 793 168 829 de
197 793 384 829 oblivione
404 793 579 829 admissae
601 792 640 828 in
660 804 727 828 nos
747 792 901 829 malitiae

122 840 398 887 adipiscentes,
431 840 582 876 aeternis
612 841 802 886 potiamur
834 841 901 876 bo-

121 889 179 923 nis
201 900 208 925 :
235 902 253 920 »
276 888 357 924 haee
380 889 666 933 ChrysostoinuS.
681 888 842 924 Attende
865 889 902 923 et

121 934 181 971 hic
203 937 386 976 Senecam,
410 935 472 981 qui
493 934 581 971 dicit
604 946 612 970 :
637 949 656 968 «
679 935 716 971 Si
737 945 901 982 magna—

122 984 246 1019 nimus
260 982 391 1027 sueris,
408 993 616 1029 numquam
627 981 817 1028 judicabis
832 981 899 1019 tibi

121 1030 386 1066 contumeliam
408 1030 502 1066 fieri.
522 1032 574 1066 De
595 1029 748 1065 inimico
766 1030 867 1066 dices
890 1041 899 1066 z

122 1079 203 1113 Nou
217 1077 346 1114 nocuit
360 1077 465 1118 mihi,
479 1078 541 1113 sed
558 1076 724 1113 animam
739 1077 900 1113 nocendi

122 1124 279 1169 habuit;
303 1128 339 1160 et
359 1135 443 1160 cum
460 1125 563 1160 illum
582 1124 618 1160 in
636 1127 822 1170 potestate
836 1128 902 1160 tua

122 1172 274 1216 videris,
296 1172 502 1208 vindictam
528 1171 681 1218 putabis
708 1171 900 1208 ”vindicare
941 1181 944 1194 ·

120 1219 300 1266 potuisse.
317 1219 416 1256 Scito
434 1221 535 1256 enim
556 1220 759 1255 honestum
778 1224 815 1255 et
826 1230 901 1255 ma·

122 1277 238 1312 gnum
250 1266 424 1303 vindictae
437 1278 515 1303 esse
529 1266 898 1312 genusfignoscere.»

123 1315 169 1350 Et
198 1315 354 1350 iterum:
385 1327 403 1348 «
438 1314 667 1360 Injuriarum
691 1314 900 1351 remedium

126 1364 184 1397 est
198 1361 337 1397 oblivio
358 1373 366 1397 z
389 1376 405 1393 »
430 1362 510 1397 haec
530 1363 677 1398 Seneca.

171 1411 191 1444 8
210 1410 395 1445 Duonsseni
412 1421 496 1444 110111
514 1421 751 1445 1111111551οΝοΜ
767 1421 902 1445 uanus-

123 1468 276 1492 RANTUR.
307 1476 342 1482 —
363 1458 408 1492 Et
428 1459 518 1492 nota
540 1457 614 1501 hic,
637 1457 738 1502 quod
764 1467 900 1492 secun-

123 1504 213 1539 dum
227 1514 428 1539 numerum
443 1504 580 1550 gradus
591 1502 788 1550 apostolici
804 1503 901 1539 duo-

121 1551 275 1596 denum,
299 1554 387 1587 sunt
424 1552 538 1587 etiam
568 1550 769 1587 duodecim
799 1550 904 1586 modi

124 1597 391 1634 remissionum
407 1609 415 1634 :
439 1597 584 1645 primus
601 1601 658 1634 est
672 1598 900 1644 Baptismus,

122 1647 222 1682 unde
240 1645 279 1681 in
302 1645 504 1691 Evangelio
525 1656 533 1681 ε
549 1647 634 1684 Nisi
652 1648 735 1690 quis
753 1648 903 1681 renatus

121 1695 239 1737 fuerit
276 1704 321 1728 ea:
345 1704 458 1739 aqua,
482 1696 582 1737 etc.;
623 1693 809 1729 secundus
847 1694 904 1729 est

124 1739 276 1785 caritas,
300 1741 397 1776 unde
433 1739 546 1776 etiam
581 1740 620 1775 in
655 1739 858 1786 Evangelio
891 1750 899 1774 :

123 1790 371 1825 Remittuntur
384 1789 417 1823 ei
427 1790 578 1833 peecata
589 1788 719 1831 multa,
730 1789 904 1832 quoniam

124 1836 259 1871 dileaeit
281 1836 436 1870 multum
456 1846 467 1879 3
494 1834 626 1870 tertius
652 1838 708 1870 est
734 1834 904 1870 eleemo—

125 1893 216 1928 syna
230 1881 453 1925 etficaritatis
467 1892 595 1928 opera,
621 1881 721 1917 unde
750 1880 904 1927 Sapiens

125 1930 177 1965 ait
197 1941 205 1964 :
228 1931 331 1966 Sicut
354 1931 556 1973 eoestinquit
572 1931 693 1974 ignem
715 1940 826 1974 aqua,
852 1929 905 1963 sic

125 1978 347 2021 eleemosyna
386 1979 603 2023 peecatum,-
646 1980 803 2022 quartus
848 1978 905 2011 est

125 2025 234 2060 fletus
257 2027 295 2060 et
323 2024 513 2070 lacrymae,
537 2023 685 2060 dicente
709 2022 868 2060 Domino
893 2033 902 2058 ε

124 2072 218 2114 Quia
237 2073 336 2117 flevit
360 2073 399 2107 in
423 2074 613 2118 conspectu
636 2082 724 2117 meo,
747 2082 819 2106 non
845 2072 903 2105 in-

127 2120 257 2154 ducam
284 2120 386 2155 mala
410 2121 450 2154 in
472 2119 599 2154 diebus
628 2121 725 2161 suis‚·
754 2119 904 2164 quintus

126 2169 183 2202 est
208 2166 393 2202 confessio
417 2171 528 2213 atque
549 2165 784 2213 poenitentia,
806 2165 905 2201 unde

127 2213 325 2250 Psalmista
345 2225 353 2249 ε
372 2215 479 2256 Diaei,
496 2215 690 2260 confitebor
711 2214 905 2249 adversum

125 2272 180 2297 me
195 2262 420 2306 injustitiam
436 2263 607 2305 Domino,·
624 2265 657 2297 et
671 2264 711 2297 tu
725 2260 905 2296 remisisti

124 2310 349 2355 impietatem
361 2311 505 2355 peceati
522 2311 593 2344 mei
610 2320 619 2353 3
637 2311 761 2345 sextus
780 2310 837 2344 est
849 2307 903 2342 ai-

125 2355 241 2392 1110110
263 2356 445 2402 corporis,
471 2356 569 2393 unde
588 2356 725 2392 Paulus
746 2357 905 2401 Aposto-

126 2403 209 2439 lus:
243 2404 400 2439 Tradidi
423 2404 637 2451 hujusmodi
662 2404 843 2439 hominem
866 2403 906 2437 in

127 2453 316 2486 interitum
331 2452 466 2492 earnis,
479 2454 519 2486 ut
531 2453 685 2497 spiritus
701 2451 825 2486 salvus
841 2450 904 2492 sit;

130 2497 311 2544 septimus
338 2501 395 2534 est
421 2497 634 2534 emendatio
661 2507 825 2541 morum,
847 2496 906 2532 vel

130 2545 409 2582 abrenuntiatio
421 2545 614 2590 vitiorum,
625 2545 723 2582 unde
735 2545 775 2581 in
789 2546 908 2580 Evan-

131 2591 228 2637 gelio
249 2603 258 2627 :
278 2594 368 2628 Eece
389 2603 502 2628 scmus
519 2594 642 2637 faetus
663 2603 711 2635 es,
729 2593 811 2637 Jam
829 2602 906 2626 am-

128 2640 230 2685 plius
250 2641 327 2674 noli
340 2650 513 2685 peccarem
533 2643 686 2676 octavus
706 2642 764 2676 est
784 2639 908 2674 inter-

132 2685 250 2721 cessio
268 2686 506 2731 Sanctorum,
520 2687 620 2723 unde
640 2688 803 2723 Jacobus
825 2697 834 2721 t
854 2687 909 2721 In-

130 2735 299 2778 firmatur
314 2735 451 2779 aliquis
469 2737 508 2770 in
524 2735 640 2776 vobis,
653 2734 805 2770 inducat
825 2743 908 2779 pre-

131 2780 292 2827 sbyteros
305 2782 486 2826 Ecclesiae,
495 2785 583 2826 etc.;
599 2792 722 2818 nonus
735 2783 792 2816 est
804 2779 913 2816 mise-

258 2844 350 2879 Vm
365 2845 451 2880 Jnsu
468 2844 624 2886 Cnmsn,
644 2854 756 2879 Touus
772 2844 836 2877 111.

942 226 943 251 ἶ
976 224 1148 260 ricordiae
1185 229 1221 261 et
1256 227 1343 263 fidei
1374 230 1561 276 meritum,
1596 233 1694 269 uude
1718 233 1757 269 in

127 274 237 309 vellet
265 274 369 317 dare,
392 272 424 308 ei
458 273 676 316 concedere,
700 275 738 307 ut
769 282 791 308 a
824 274 899 308 lieo
942 272 943 278 ’

976 271 1191 318 Evangelio:
1205 275 1309 309 Beati
1317 277 1579 325 misericordes,
1589 282 1760 324 quoniam

975 321 1052 365 ipsi
1065 322 1354 358 misericordiam
1365 330 1627 370 consequentur
1639 341 1648 370 ,·
1663 328 1761 363 ‹leci-

978 377 1061 403 mus
1090 370 1146 403 est
1167 369 1363 405 conversio
1387 373 1424 406 et
1443 372 1542 407 salus
1562 375 1758 419 proximo—

977 425 1075 458 rum,
1092 415 1193 451 unde
1206 417 1391 453 Jacobus:
1409 419 1479 461 Qui
1496 423 1655 456 converti
1669 423 1760 465 fece-

975 463 1027 497 rit
1040 466 1262 507 peccatorem
1274 465 1319 499 ab
1334 475 1453 500 errore
1463 468 1531 502 viae
1545 477 1661 503 suae...
1676 480 1760 514 ope-

124 519 256 544 omnes
268 508 413 545 dimitte
425 508 579 553 liberos,
593 511 629 544 et
642 510 759 545 Deum
771 511 901 554 expete
942 514 943 520 ¹

976 510 1047 544 riet
1063 511 1335 547 multitudinem
1348 517 1595 558 peecatorum‚·
1606 515 1760 551 undeci-

942 575 944 587 »
979 566 1063 591 111115
1076 560 1131 592 651
1143 560 1274 593 mutua
1285 559 1457 596 remissio
1467 564 1504 597 et
1515 560 1765 608 indulgentia,

978 603 1078 639 unde
1106 603 1146 639 in
1168 605 1398 651 Evangelio:
1425 609 1620 653 Dimittite,
1652 613 1685 644 et
1705 611 1765 645 di-

943 679 945 685 .
978 652 1189 696 mittemini,
1222 653 1322 689 utin
1344 654 1415 690 hoe
1447 655 1529 691 loco
1564 658 1764 702 praesenti;

980 698 1226 735 duodecimus
1252 704 1309 736 est
1336 701 1463 747 passio
1494 703 1663 750 martyrii
1695 715 1763 750 pro

941 763 943 769 ν
979 745 1053 781 tide
1071 746 1262 791 Ecclesiae,
1283 749 1384 785 unde
1404 749 1541 786 latroni
1564 750 1763 796 poenitenti

979 802 1022 828 ae
1043 793 1200 839 patienti
1222 795 1358 832 dicitur
1387 807 1410 833 a
1438 797 1620 834 Domino:
1646 799 1763 835 Amen

977 840 1057 875 dieo
1069 841 1152 876 tibi:
1166 843 1282 877 Hodie
1292 854 1429 880 meeum
1440 847 1511 880 eris
1522 847 1560 880 in
1570 848 1761 891 paradiso.

1027 902 1047 934 9
1077 889 1157 924 Nou
1185 901 1390 927 DESPERARE
1427 904 1603 929 bocauna.
1639 915 1680 919 —
1708 895 1759 930 Ex

977 934 1050 970 hoc
1093 935 1206 972 etiam
1246 937 1349 983 loco,
1390 942 1427 974 et
1464 939 1635 986 pluribus
1676 940 1760 977 aliis

979 982 1173 1035 Evangelii
1195 984 1301 1029 locis,
1321 985 1487 1023 salubria
1502 987 1686 1023 habemus
1706 999 1761 1025 re-

978 1030 1104 1082 media
1131 1035 1262 1068 contra
1287 1033 1427 1069 malum
1457 1035 1758 1081 desperationis3

980 1079 1016 1112 et
1053 1078 1138 1113 ideo
1174 1089 1252 1114 non
1291 1080 1466 1127 desperet
1499 1081 1649 1128 aliquis,
1678 1093 1763 1119 cum

980 1124 1117 1176 multos
1146 1125 1355 1163 habeamus
1388 1132 1520 1174 portus
1551 1129 1696 1165 salutis.
1724 1129 1761 1166 Si

980 1182 1082 1207 6111111
1106 1172 1316 1218 desperasti
1338 1178 1492 1221 propter
1514 1175 1658 1222 peccati
1680 1187 1762 1213 ma-

980 1218 1219 1263 gnitudinem
1236 1232 1243 1264 ;
1264 1222 1383 1258 habes
1403 1224 1552 1259 Petrum
1570 1223 1632 1269 qui
1650 1234 1763 1270 nega·

980 1264 1031 1300 vit
1052 1266 1180 1311 fidem,
1202 1269 1302 1313 quod
1323 1273 1380 1304 est
1403 1270 1606 1306 maximum
1628 1281 1760 1317 pecca-

980 1315 1073 1357 tum,
1094 1316 1130 1349 et
1149 1317 1278 1366 tamen
1299 1317 1397 1352 Deus
1419 1317 1583 1363 respexit
1600 1329 1700 1354 eum.
1723 1317 1761 1355 Si

980 1360 1202 1406 desperasti,
1219 1367 1374 1408 propter
1391 1364 1533 1409 peceati
1555 1364 1761 1401 multitudi-

979 1407 1208 1451 nem,habes
1217 1409 1373 1446 Mariam
1390 1412 1665 1457 Magdalenam,
1677 1423 1760 1458 quae

980 1458 1124 1500 septem
1146 1456 1309 1493 habebat
1327 1458 1528 1503 daemonia,
1544 1458 1583 1494 id
1605 1463 1662 1495 est
1680 1459 1761 1495 uni-

980 1512 1087 1538 versa
1106 1507 1274 1548 peccata,
1288 1507 1324 1540 et
1338 1508 1466 1542 tamen
1486 1506 1532 1541 de
1553 1516 1598 1542 ea
1619 1506 1760 1543 dictum

981 1552 1038 1585 est
1057 1560 1066 1585 t
1084 1552 1334 1587 Remittuntur
1354 1555 1387 1588 ei
1401 1556 1554 1599 peccata
1572 1555 1702 1590 multa,
1721 1553 1759 1590 Si

981 1596 1189 1642 desperasti
1213 1602 1369 1645 propter
1388 1600 1531 1646 peccati
1554 1600 1762 1647 turpitudi-

982 1654 1084 1688 nem,
1112 1645 1230 1681 habes
1266 1646 1463 1684 mulierem
1502 1647 1541 1683 in
1574 1647 1760 1685 adulterio

983 1691 1272 1737 deprehensam,
1296 1695 1353 1729 0111
1373 1694 1516 1731 (110111111
1533 1698 1589 1730 651
1610 1707 1618 1732 :
1644 1696 1760 1736 Vade,

983 1742 1017 1774 et
1034 1740 1196 1784 amplius
1214 1742 1292 1775 noli
1312 1752 1473 1786 peecare.
1495 1742 1531 1778 Si
1553 1742 1761 1788 desperasti

983 1789 1137 1832 propter
1151 1787 1295 1832 peccati
1311 1788 1522 1833 infamiam,
1537 1789 1655 1825 habes
1672 1791 1764 1826 Mat-

983 1833 1125 1868 thaeum
1152 1834 1300 1880 publice
1326 1834 1364 1870 in
1387 1836 1527 1872 telonio
1552 1837 1760 1881 sedentem,

983 1882 1020 1915 et
1039 1883 1168 1916 tamen
1194 1881 1374 1918 Dominus
1406 1883 1499 1919 dixit
1518 1883 1551 1919 ei
1575 1894 1583 1918 :
1608 1885 1763 1929 Sequere

983 1937 1050 1962 me.
1069 1927 1105 1979 Si
1124 1927 1332 1974 desperasti
1349 1934 1503 1976 propter
1522 1931 1666 1977 peccati
1682 1930 1763 1967 diu-

982 1976 1345 2020 tu1⁸n1taten1,{habes
1359 1977 1545 2014 latronem
1563 1977 1758 2019 Calvariae,

984 2020 1046 2067 qui
1067 2022 1321 2067 perseveravit
1353 2023 1390 2059 in
1428 2025 1527 2060 malo
1553 2035 1674 2070 usque
1713 2025 1762 2061 ad

984 2071 1158 2112 mortem,
1176 2072 1350 2106 ettamen
1370 2071 1509 2108 dictum
1525 2075 1580 2108 est
1595 2072 1629 2108 ei
1648 2083 1670 2108 a
1689 2073 1760 2109 Do-

984 2115 1107 2153 mino:
1127 2117 1244 2152 Hodie
1263 2129 1399 2154 mecum
1420 2121 1490 2154 eris
1510 2122 1548 2155 in
1567 2120 1758 2165 paradiso.

985 2162 1022 2199 Si
1038 2163 1244 2210 desperasti
1261 2169 1415 2211 propter
1432 2167 1575 2213 peccati
1597 2166 1760 2202 crudeli-

985 2213 1115 2255 tatem,
1130 2211 1248 2248 habes
1263 2213 1421 2249 Paulum
1437 2214 1656 2260 Apostolum
1670 2214 1761 2260 lapi-

985 2259 1137 2295 dantem
1167 2260 1411 2305 Stephanum,
1433 2261 1478 2297 de
1511 2272 1584 2308 quo
1618 2261 1760 2297 dictum

985 2308 1064 2341 est:
1104 2308 1178 2343 Vas
1205 2308 1389 2343 electionis
1417 2309 1511 2344 mihi
1540 2312 1593 2344 est
1619 2310 1700 2345 iste.
1724 2307 1763 2344 Si

986 2353 1189 2398 desperasti
1228 2357 1381 2401 propter
1405 2355 1548 2401 peccati
1577 2354 1763 2391 recidiva-

984 2400 1127 2436 tionem
1142 2411 1208 2437 seu
1223 2401 1367 2448 peccati
1379 2401 1618 2439 iterationem
1631 2406 1667 2438 et
1681 2413 1766 2438 ma-

985 2447 1238 2495 gnitudinem,
1261 2449 1379 2485 habes
1406 2448 1467 2485 hic
1499 2449 1766 2486 auctoritatem

986 2505 1200 2541 expressam
1229 2496 1275 2532 de
1305 2495 1530 2532 dimittendo
1558 2496 1665 2532 fratri
1699 2507 1766 2532 se-

985 2541 1158 2589 ptuagies
1192 2542 1345 2589 septies.
1388 2544 1492 2579 Unde
1518 2544 1728 2579 Bernardus
1755 2555 1766 2578 :

989 2604 1008 2623 ‹<
1046 2589 1207 2626 Omnino
1242 2593 1397 2636 propter
1433 2590 1767 2626 mansuetudinem

989 2647 1070 2682 quae
1092 2636 1132 2672 in
1151 2639 1189 2673 te
1212 2637 1454 2683 praedicatur,
1478 2637 1662 2673 currimus
1682 2639 1768 2682 post

989 2688 1040 2728 te,
1053 2683 1210 2720 Domine
1227 2686 1336 2728 Jesu;
1359 2685 1554 2720 audientes
1574 2684 1674 2730 quod
1689 2693 1766 2718 non

991 2741 1147 2777 spernas
1179 2742 1400 2778 pauperem,
1427 2735 1663 2777 peecatorem
1690 2740 1767 2765 non

991 2779 1162 2815 horreas.
1195 2780 1277 2816 Non
1311 2778 1491 2816 horruisti
1522 2778 1765 2815 confitentem

1663 2843 1681 2872 5
