1907 3139
102 182 163 215 208
560 177 766 213 SECUNDAE
805 178 964 213 PARTIS
1003 178 1140 213 CAPUT
1177 179 1297 212 XXXI

109 255 268 287 etorum.
285 251 328 286 Et
339 248 503 286 declarat
523 249 676 285 modum
690 260 756 295 per
771 260 882 295 quem

108 298 256 343 ejicitur
277 298 390 340 foras,
413 296 501 342 quia
536 307 604 342 per
624 300 783 332 mortem
804 308 883 333 rru-

109 346 162 381 cis
184 348 219 381 et
241 344 556 380 resurrectionem
578 355 586 386 ;
606 343 705 379 unde
724 344 848 379 subdit
872 359 879 379 :

108 395 155 428 Et
176 403 253 436 eqo,
276 394 322 436 si,
355 391 389 427 id
417 394 474 426 est
503 401 599 434 cum,
625 401 701 425 non
738 391 883 427 dubitat

109 440 275 476 futurum
302 450 382 474 esse
411 439 509 483 quod
536 436 636 472 venit
661 437 881 483 adimplere,

108 488 295 523 emanatus
335 487 438 529 fuero
474 496 495 519 (ι
529 488 638 526 terra,
671 484 813 520 scilicet
844 484 881 519 in

111 545 234 577 eruce,
256 535 391 575 omnia,
414 531 554 567 scilicet
585 531 703 566 electa
734 536 769 566 et
787 542 883 577 prae-

111 580 300 617 destinata
320 581 364 616 ad
385 579 559 621 salutem,
579 588 622 613 ex
650 577 786 623 quibus
804 578 884 614 dia-

110 628 219 665 bolus
243 629 404 673 ejicitur,
439 627 583 660 traham
613 625 661 659 ad
691 628 883 670 meipsum,

108 679 149 711 ut
175 675 243 710 sim
276 679 399 720 capnt,
430 676 465 707 et
486 672 547 707 illa
570 672 751 712 membra,
777 672 884 718 spoli—

110 721 326 758 andoillum
342 719 405 765 qui
427 719 646 764 decipiendo
662 719 800 763 injuste
822 722 883 754 ‹te-

107 769 297 816 praedatus
325 768 456 803 suerat.
483 766 561 805 Vel,
591 767 734 801 tralzczm
759 766 886 802 omnia

109 827 248 862 genera
263 814 469 857 hominnm,
485 813 573 859 qnia
585 813 629 848 sle
641 814 813 849 omnibus
825 824 886 858 ge-

109 863 260 899 neribus
281 861 477 897 hominum
503 860 617 905 aliqui
640 865 727 895 sunt
747 860 855 896 tracti
877 891 884 902 ‚

109 910 250 946 scilievt
268 910 313 945 (le
336 909 509 944 ommbus
532 906 681 953 linguis,
698 907 743 943 de
763 907 883 943 omni-

108 958 176 994 bus
200 957 347 999 ritihus,
371 957 415 990 (le
440 955 613 989 omnibus
640 954 827 998 afflatibus,
849 957 886 990 et

108 1004 152 1039 de
175 1004 349 1040 omnibus
366 1001 563 1047 gradibus
587 1001 688 1036 etsie
709 1002 819 1036 traxit
838 1002 883 1036 ad

113 1062 152 1087 se
171 1050 309 1086 omnia.
340 1048 429 1092 quia
453 1049 564 1083 homo
593 1047 728 1083 dicitur
761 1048 883 1084 omnis

113 1102 299 1133 creatura.
321 1097 411 1131 Nam
435 1105 575 1137 amore,
593 1105 666 1139 quo
691 1105 755 1140 pro
778 1095 885 1131 nobis

113 1155 244 1191 passus
277 1147 345 1186 est,
368 1141 481 1177 trabit
512 1152 577 1176 nos
611 1142 658 1176 ad
691 1143 882 1185 seipsun1;

116 1203 157 1228 ex
179 1201 308 1227 amore
330 1191 429 1225 enim
451 1192 601 1224 ostenso
628 1188 664 1223 in
696 1199 805 1223 cruce
838 1189 885 1224 ad

115 1250 233 1285 genus
252 1239 474 1275 humanum,
489 1236 602 1271 habvt
620 1235 693 1270 vim
724 1235 886 1271 atti-arti-

115 1296 198 1322 vam
224 1284 422 1325 mentium,
436 1283 529 1317 sicut
548 1282 640 1327 lapis
656 1293 810 1327 magnes
830 1285 886 1318 at-

114 1333 229 1368 trahit
260 1332 306 1367 ad
335 1341 374 1366 se
409 1331 563 1365 serrum.
590 1329 725 1365 Christi
760 1333 887 1365 autem

114 1379 305 1417 erm-ifixio
328 1378 412 1414 ideo
435 1376 572 1411 dicitnr
592 1376 781 1420 exaltatio,
800 1376 888 1422 quia

113 1438 248 1473 corpus
274 1427 354 1469 ejus
382 1424 449 1460 t'uit
484 1424 687 1459 exaltatum
709 1423 747 1458 in
763 1435 885 1467 cruce,

114 1475 209 1510 sicut
238 1472 413 1508 vexillum
442 1470 477 1506 in
504 1481 605 1522 aere⁷
624 1471 670 1505 ad
697 1471 888 1506 debellan-

116 1523 202 1557 dum
225 1530 355 1556 aereas
375 1521 591 1564 potestates,
610 1521 645 1553 et
663 1517 752 1563 quia
773 1520 891 1553 semet

118 1567 330 1604 humiliavit
354 1576 473 1610 usque
491 1565 537 1599 ad
566 1568 722 1599 mortem
755 1564 889 1608 crucis,

118 1615 204 1651 ideo
228 1616 324 1649 lleus
351 1611 526 1647 exaltavit
544 1611 660 1654 illum,
682 1614 720 1646 et
737 1611 814 1657 ipse
834 1622 892 1646 ex-

119 1663 258 1699 altatus
275 1659 449 1696 exaltavit
464 1669 565 1693 suos.
588 1660 656 1693 Per
672 1658 890 1693 Passionem

118 1720 207 1754 ergo
234 1707 366 1744 babuit
402 1705 598 1740 victoriam
641 1705 687 1740 de
715 1705 888 1747 diabolo;

117 1757 216 1793 unde
250 1756 319 1790 hoc
354 1753 475 1797 ipsum
498 1752 622 1787 omnia
650 1753 814 1797 trahere,
836 1756 892 1787 est

116 1803 325 1850 principem
350 1798 478 1835 mundi
519 1800 628 1843 hujus
649 1799 797 1844 ejicere,
820 1810 891 1833 non

114 1850 213 1887 enim
249 1853 300 1884 est
323 1847 508 1883 conventio
532 1848 667 1882 Christi
689 1847 737 1881 ed
757 1847 888 1889 Belial,

117 1901 149 1933 et
167 1898 257 1932 lucis
275 1896 323 1930 ad
345 1894 520 1929 tenebras.

165 1959 184 1990 c)
206 1945 279 1980 Cun
311 1942 486 1978 CnnisTus
525 1951 559 1975 {N
590 1952 680 1975 ΛΕΜ]
716 1952 889 1982 emmam

115 1983 209 2027 E'r'iN
226 2001 334 2025 cauce
355 2000 438 2023 mom
457 1999 630 2023 VOLUERIT
645 1988 662 2022 ζ)
684 1990 754 2023 Hoc
772 1993 890 2022 autem

115 2039 256 2074 dicebat
270 2037 481 2080 significans
496 2046 567 2079 qua
583 2039 694 2069 morte
707 2038 797 2069 esset
813 2046 890 2069 mo-

114 2088 266 2127 riturus,
284 2082 423 2118 scilicet
444 2092 510 2127 per
531 2081 751 2128 supplicium
773 2081 892 2117 crucis

119 2132 301 2168 exaltatus
337 2129 375 2164 in
396 2139 507 2172 ae1·e;
540 2130 638 2164 unde
677 2133 766 2164 nota
792 2129 891 2173 quod

119 2178 289 2216 Christus
311 2178 432 2212 noluit
449 2175 542 2210 mori
560 2176 596 2211 in
620 2175 747 2221 aliqua
763 2176 888 2221 domo,

121 2237 191 2262 nec
210 2225 280 2259 sub
300 2227 413 2263 tecto,
435 2223 498 2257 sed
521 2222 558 2257 iu
580 2234 665 2258 aere
684 2222 799 2258 voluit
822 2234 891 2258 ex-

120 2273 229 2308 altari
251 2282 294 2306 ex
323 2280 434 2305 causa
459 2269 613 2315 triplici;
656 2280 720 2305 aer
741 2270 891 2315 quidem

117 2320 347 2355 elementum
373 2320 430 2352 est
455 2327 664 2359 commune,
693 2322 729 2351 et
752 2316 889 2352 idcirco

116 2368 241 2413 potest
254 2368 365 2399 bomo
381 2364 519 2399 habere
534 2363 723 2409 propriam
735 2367 889 2408 terram,

118 2422 269 2459 aquarn,
291 2411 347 2446 vel
374 2410 567 2456 proprium
588 2412 721 2455 ignem,
743 2411 807 2446 sed
826 2422 889 2446 ne-

117 2470 178 2496 mo
216 2461 337 2505 potest
358 2458 497 2492 habere
522 2458 713 2503 proprium
749 2468 889 2494 aerem.

117 2507 285 2543 Christus
306 2514 395 2549 ergo
410 2503 527 2539 voluit
548 2503 585 2538 in
602 2515 688 2539 aere
703 2505 856 2539 exaltari
879 2515 887 2539 :

117 2575 163 2580 -
186 2555 322 2595 Primo,
348 2551 393 2586 ad
420 2550 651 2586 innuendum
677 2551 773 2595 quod
795 2551 889 2586 sicut

116 2610 182 2637 aer
201 2602 256 2635 est
278 2597 502 2637 communis,
521 2597 572 2632 sic
590 2601 625 2632 et
645 2598 778 2632 Christi
801 2599 889 2633 Pas—

115 2647 184 2689 sio,
195 2656 279 2682 nam
292 2644 486 2691 passiones
496 2643 654 2679 aliorum
669 2645 887 2680 Sanctorum

117 2695 269 2730 fuerunt
285 2690 458 2738 propriae,
477 2692 565 2735 quia
584 2691 738 2736 quilibet
758 2702 889 2737 passus

121 2744 178 2777 est
199 2742 350 2785 propter
376 2748 436 2781 se3
467 2737 594 2773 Passio
621 2743 746 2773 autem
782 2738 888 2774 Chri·-

117 2787 162 2824 sti
184 2786 393 2824 communis
411 2785 480 2821 fuit
502 2784 688 2830 :Angelis,
704 2785 790 2830 quia
804 2789 888 2821 suut

960 249 1146 295 reparati;
1172 248 1405 294 hominibus,
1433 250 1520 296 quia
1539 251 1626 288 inde
1645 256 1735 288 sunt

960 296 1105 332 salvati.
1127 317 1173 322 —
1212 297 1395 342 Secunde,
1422 299 1469 334 ad
1502 297 1735 336 innuendum

961 345 1058 388 quod
1082 342 1177 379 sicut
1200 354 1265 379 aer
1292 347 1348 380 est
1369 344 1514 381 medius
1532 345 1631 381 inter
1652 357 1734 382 coe—

960 390 1035 425 lum
1061 394 1096 426 et
1124 393 1291 433 terram3
1329 391 1381 427 sie
1414 392 1585 428 Christus
1619 393 1735 429 etiam

961 437 1028 472 suit
1052 437 1236 473 mediator
1263 437 1360 473 inter
1381 440 1500 474 Deum
1544 442 1580 475 et
1611 439 1734 476 homi-

960 494 1061 528 nem,
1082 483 1170 530 quia
1191 494 1276 519 cum
1297 486 1374 521 Deo
1395 486 1571 522 convenit
1589 487 1737 523 ratione

962 536 1105 567 naturae
1127 530 1277 575 divinae,
1298 542 1380 567 cum
1409 532 1561 568 homine
1591 533 1736 570 ratione

962 582 1107 614 naturae
1150 580 1335 613 bumanae.
1362 580 1449 615 Erat
1471 583 1598 616 autem
1630 591 1735 626 quae-

962 625 1046 660 dam
1065 624 1252 659 discordia
1278 624 1376 660 inter
1397 627 1515 661 Deum
1549 630 1585 662 et
1613 627 1735 663 homi—

961 682 1061 711 nem,
1085 676 1122 707 et
1144 671 1226 707 ideo
1243 671 1480 716 venitJesus,
1500 676 1592 709 etse
1612 678 1737 711 osten·

962 719 1015 753 dit
1037 718 1297 754 mediatorem.
1321 740 1366 744 —-
1389 721 1527 764 Tertio,
1551 726 1590 756 ut
1611 720 1735 767 ipsum

961 776 1088 801 aerem
1112 765 1329 809 mundaret;
1359 767 1663 804 sanctificaverat
1679 772 1736 804 et-

961 815 1062 848 enim
1100 816 1242 848 terram
1280 813 1438 859 triginta
1469 813 1579 850 annis
1622 825 1737 861 super

961 871 1043 895 eam
1082 860 1328 904 ambulando,
1363 861 1663 898 sanctificaverat
1701 864 1738 898 et

960 917 1092 952 aquam
1117 906 1154 941 in
1174 906 1254 952 ipsa
1279 918 1318 943 se
1345 908 1526 954 baptizari
1549 908 1736 953 faciendo,

960 954 1258 990 sanctificaverat
1269 959 1304 989 et
1319 955 1441 1000 ignem
1456 954 1633 1000 Spiritum
1650 957 1739 992 San-

959 1005 1059 1037 ctum
1089 1003 1122 1036 in
1155 1001 1278 1046 specie
1312 1001 1407 1046 ignis
1439 1003 1647 1046 mitt.endo;
1676 1014 1739 1040 re-

960 1050 1082 1083 stabat
1095 1051 1136 1083 ut
1150 1048 1400 1084 sanctificaret
1415 1059 1555 1089 aerem,
1574 1060 1649 1085 non
1670 1051 1738 1086 sub

959 1098 1070 1139 tecte,
1089 1095 1154 1130 sed
1174 1095 1210 1130 in
1228 1106 1314 1131 aere
1333 1095 1542 1132 moriendo.
1562 1096 1737 1133 Pluribus

961 1142 1072 1177 etiam
1088 1142 1132 1177 de
1150 1144 1272 1177 causis
1286 1142 1401 1178 voluit
1414 1143 1508 1178 mori
1526 1149 1645 1179 morte
1661 1155 1741 1179 cru-

962 1189 1035 1224 cis:
1050 1193 1301 1235 una‚propter
1313 1190 1443 1225 mortis
1458 1190 1739 1236 turpitudidem,

962 1240 1003 1271 ut
1018 1235 1160 1271 homim
1173 1246 1207 1270 m
1224 1247 1290 1271 nec
1308 1236 1388 1282 ipsa
1405 1237 1534 1272 mortis
1551 1237 1740 1283 turpitudo

963 1294 985 1319 a
1007 1284 1234 1328 perfectione
1265 1283 1419 1328 justitiae
1439 1284 1613 1330 repellat3
1636 1284 1740 1329 item,

964 1331 1052 1375 qnia
1081 1330 1152 1365 hoc
1186 1340 1304 1375 genus
1337 1331 1469 1366 mortis
1498 1341 1564 1376 per
1590 1331 1743 1367 modum

965 1376 1204 1412 exaltationis
1224 1377 1473 1413 convenIebat
1494 1377 1743 1422 t'ructui,cau-

964 1435 1014 1459 sse
1038 1427 1073 1460 et
1095 1424 1228 1466 fieurae
1253 1424 1456 1460 Passionis.
1481 1425 1631 1460 Fructui
1659 1425 1741 1471 qui-

966 1471 1052 1506 dem
1068 1471 1329 1515 conveniebat,
1344 1471 1431 1516 quia
1446 1482 1511 1517 per
1523 1471 1743 1508 Passionem

966 1518 1187 1553 exaltandus
1209 1523 1290 1554 erat
1318 1529 1340 1554 a
1377 1520 1498 1554 Patre.
1526 1520 1656 1555 Causae
1676 1530 1742 1555 au-

967 1569 1042 1600 tem
1066 1564 1254 1600 Passionis
1272 1565 1741 1612 conveniebatdupliciter,

968 1612 1110 1647 scilicet
1138 1624 1147 1646 :
1177 1616 1212 1647 et
1239 1623 1281 1647 ex
1306 1616 1412 1658 parte
1440 1613 1649 1657 huminum,
1673 1624 1741 1659 pro

968 1669 1128 1703 quorum
1151 1659 1268 1694 salute
1289 1659 1538 1703 moriebatur3
1555 1659 1624 1705 ipsi
1643 1661 1742 1696 enim

967 1705 1169 1751 perierant,
1202 1706 1291 1751 quia
1333 1706 1469 1751 dejecti
1508 1711 1543 1742 et
1576 1707 1737 1743 demersi

966 1758 1075 1788 erant
1094 1753 1139 1787 ad
1162 1756 1327 1792 terrena.
1351 1758 1385 1788 et
1408 1753 1491 1789 ideo
1512 1753 1630 1790 voluit
1660 1765 1739 1789 mo-

968 1800 995 1834 ri
1022 1800 1219 1843 exaltatus,
1247 1803 1284 1835 ut
1310 1811 1377 1835 nos
1412 1801 1578 1836 elevaret
1600 1801 1648 1836 ad
1669 1811 1739 1838 eoe-

968 1847 1099 1887 lestia;
1140 1851 1176 1882 et
1214 1858 1256 1882 ex
1287 1850 1394 1892 parte
1432 1848 1662 1892 daemonum,
1699 1851 1742 1884 ut

967 1894 1107 1929 scilicet
1122 1904 1199 1937 eos,
1217 1894 1294 1939 qui,
1317 1894 1353 1929 in
1373 1905 1475 1938 aere,
1491 1895 1739 1940 principatum

966 1945 1002 1976 et
1023 1944 1248 1986 potestatem
1269 1942 1507 1985 exercebant,
1522 1943 1600 1988 ipse
1621 1943 1741 1978 eleva-

967 1992 1026 2023 tus
1047 1987 1082 2022 in
1107 1998 1195 2023 aere
1216 1988 1467 2024 conculcaret.
1493 1989 1637 2034 Figurae
1651 2000 1739 2025 vero

965 2034 1223 2077 conveniebat,
1249 2035 1336 2080 quia
1375 2035 1555 2071 Dominus
1585 2047 1742 2081 serpen-

964 2086 1039 2117 tem
1061 2091 1204 2117 aeneum
1226 2081 1263 2116 in
1282 2082 1429 2117 deserto
1450 2082 1529 2118 lieri
1548 2083 1738 2128 praecepit,

966 2133 1004 2165 et
1030 2128 1123 2164 sicut
1147 2128 1207 2163 ille
1231 2139 1384 2174 serpens
1405 2129 1586 2165 exaltatus
1609 2129 1678 2165 fuit
1701 2131 1739 2166 in

965 2176 1064 2222 palo,
1091 2177 1139 2210 ita
1160 2180 1196 2210 et
1219 2175 1400 2211 Dominus
1421 2176 1457 2211 in
1480 2187 1601 2213 cruce.

1018 2237 1057 2258 ιο
1106 2223 1280 2258 PAucmxs
1324 2224 1477 2258 Cmusm
1515 2235 1738 2260 CREDENTIUM

966 2281 1108 2310 EUMQL'E
1133 2281 1400 2306 comesxTimi.
1438 2291 1479 2296 —-
1513 2272 1598 2307 Cum
1619 2275 1738 2306 autem

968 2317 1146 2352 Dominus
1167 2319 1270 2351 tanta
1305 2320 1342 2352 et
1370 2321 1444 2352 tam
1466 2328 1602 2363 magna
1627 2320 1737 2362 sigma

965 2366 1109 2407 fecisset
1129 2374 1249 2399 coram
1270 2365 1334 2405 eis,
1356 2363 1395 2399 in
1417 2363 1621 2408 miraculis,
1644 2369 1680 2400 et
1698 2364 1736 2400 in

966 2410 1149 2453 doctrina,
1184 2414 1219 2445 et
1246 2409 1284 2445 in
1319 2410 1546 2446 revelatione
1578 2415 1737 2447 secreto·

966 2468 1048 2492 rum
1074 2456 1210 2500 cordis,
1231 2461 1267 2492 et
1289 2457 1499 2493 futurorum
1522 2460 1736 2504 contingen-

964 2504 1071 2547 tium,
1093 2515 1159 2550 per
1185 2513 1267 2549 quae
1286 2504 1475 2540 declarata
1498 2508 1576 2540 erat
1597 2505 1732 2540 divini-

963 2555 1020 2586 tas
1035 2552 1126 2597 ‹3qu
1149 2562 1219 2586 non
1240 2554 1365 2586 tamen
1383 2552 1573 2587 credebant
1585 2554 1624 2587 in
1638 2563 1730 2596 eum,

964 2598 1104 2634 scilicet
1120 2608 1187 2644 pro
1215 2598 1346 2643 majori
1367 2602 1498 2643 parte;
1522 2602 1557 2633 et
1587 2598 1626 2634 in
1662 2599 1733 2634 hoe

965 2645 1158 2691 completae
1181 2648 1267 2680 sunt
1294 2645 1492 2690 Scripturae
1518 2646 1730 2691 Phopheta-

965 2703 1062 2735 rum,
1090 2702 1219 2728 eorum
1250 2692 1538 2728 obstinationem
1559 2696 1596 2728 et
1615 2702 1731 2728 excae-

965 2739 1147 2775 cationem
1187 2738 1486 2784 praedi‹eentium.
1519 2739 1730 2775 Consueve-

963 2790 1047 2822 rant
1072 2786 1172 2822 enim
1191 2785 1314 2821 dicere
1337 2797 1345 2821 :
1369 2786 1475 2829 Quod
1503 2785 1649 2833 signum
1671 2796 1729 2822 os-

1883 2235 1898 2255 ’.τ

1883 2275 1897 2301 Aa

1875 2303 1895 2313 ,-

1876 2316 1907 2339 *a

1882 2343 1902 2361 μί

1880 2602 1905 2742 ἤϊ’*ἔ-ὝἎὛ
1885 2567 1901 2598 ,κ’
1887 2535 1892 2537 ·
1885 2522 1888 2527 ·

1882 3055 1893 3079 un
1878 2991 1898 3034 Ἲς),
1883 2891 1897 2976 σέων·
1882 2754 1895 2875 vsvs-4«
