1907 3139
542 167 707 210 QUIBUS
745 171 951 207 DEBETUR
989 170 1053 205 VAE
1089 170 1313 209 AETERNUM.

109 240 183 290 ipsi
204 240 344 288 templo
371 242 408 276 et
427 239 537 277 altari
557 241 659 276 velut
686 240 888 278 sanctiora.

114 294 175 329 Vae
194 290 309 332 vobis,
324 288 431 323 duces
454 290 550 331 caeci,
568 290 632 333 qui
647 289 787 324 dicitis.-
808 290 891 331 Qui-

109 348 259 383 cumque
282 337 469 381 juraverit
496 347 561 381 per
583 337 757 381 templum
793 338 891 372 nihil

108 389 185 421 est.-
209 384 382 420 dicebant
413 385 529 427 enim,
556 383 655 428 quod
681 383 765 429 quis
786 383 888 428 juret

107 431 364 479 pertemplum
383 432 439 466 vel
460 442 526 477 per
547 431 679 474 altare,
703 430 796 466 nihil
818 436 887 476 est,

106 480 143 515 id
163 483 218 515 est
246 478 338 514 nihil
365 478 490 522 debet,
513 490 580 514 nec
607 478 795 523 obligatur
816 479 887 515 isto

102 527 335 573 juramento,
352 529 388 562 et
404 525 596 562 convictus
609 525 793 562 mendacii
813 538 887 563 non

105 577 255 610 tenetur
280 584 363 609 reus
386 572 555 620 perjurd,
580 585 649 610 nec
670 577 727 610 est
747 575 888 620 obliga-

105 621 216 657 tusin
245 622 389 667 aliquo;
414 624 480 666 qui
496 625 617 657 autem
634 622 819 666 juraverit
848 625 886 658 in

105 680 193 704 auro
214 671 354 715 templi,
377 668 416 703 id
446 669 560 704 estin
599 668 773 716 pecunia,
801 680 885 715 quae

105 716 338 752 offerebatur
361 716 620 752 sacerdotibus
655 716 693 752 in
727 717 882 763 templo,

49 781 54 784 ·
104 764 219 800 velin
246 764 360 809 dono,
399 768 435 799 ct
468 763 737 807 oblationibus,
768 764 804 799 id
829 768 885 800 est

104 811 142 846 in
174 811 299 847 hostia
320 816 354 847 ct
375 811 535 847 victimis
555 822 637 857 quae
673 812 884 847 offeruntur

104 859 181 894 Deo
203 870 315 905 super
342 859 475 903 altare,
504 860 619 902 debet,
642 858 678 894 id
703 868 760 894 est
787 859 880 894 obli-

104 909 229 952 gatur,
255 909 290 941 et
316 906 507 942 convictus
547 908 673 942 statim
710 906 803 942 illud
845 906 883 942 in

105 962 178 998 quo
196 953 337 999 juravit
352 957 500 989 tenetur
521 953 739 996 exsolvere3
762 954 882 990 ethoc

105 1010 215 1045 quam
228 1001 500 1037 studiosissime
514 1001 684 1037 solebant
695 1006 881 1044 repetere.

105 1048 255 1083 Sanctio
284 1059 371 1094 ergo
394 1048 550 1084 istorum
571 1052 653 1084 crat
673 1049 756 1084 talis
781 1049 881 1094 quod

99 1095 355 1140 juramentum
385 1107 452 1142 per
473 1099 665 1132 creaturas
705 1107 779 1132 non
801 1100 883 1132 erat

104 1141 385 1188 obligatorium,
410 1143 481 1179 nisi
509 1144 629 1179 solum
658 1155 741 1179 cum
774 1144 880 1190 jura-

103 1189 213 1225 batur
232 1201 300 1236 per
317 1201 450 1226 aurum
488 1194 524 1226 et
561 1191 660 1226 dona
681 1191 823 1236 templi,
846 1195 882 1227 et

103 1236 232 1273 altaris
252 1249 260 1282 ;
288 1238 323 1273 in
344 1249 418 1284 quo
439 1249 515 1273 non
542 1239 791 1274 attendebant
816 1238 881 1274 Dei

103 1283 291 1330 timorem,
304 1287 369 1321 sed
383 1296 487 1321 suam
501 1285 757 1331 cupiditatem.
776 1287 881 1322 Unde

102 1331 338 1377 decipiebant
354 1333 549 1378 populum,
565 1333 733 1369 dicentes
745 1344 880 1369 aurum

102 1381 138 1413 et
164 1379 262 1415 dona
296 1380 486 1415 sanctiora
508 1391 601 1421 esse,
640 1392 751 1425 quam
782 1385 878 1416 tcm-

102 1426 202 1470 plum
224 1432 261 1462 et
280 1429 412 1471 altare,
441 1431 481 1462 ut
501 1427 674 1462 homines
694 1428 878 1473 prompti-

104 1483 189 1509 ores
210 1473 343 1510 fierent
365 1475 413 1510 ad
440 1474 637 1510 offerenda
658 1475 781 1519 dona;
814 1475 880 1510 scd

102 1522 291 1566 errabant,
314 1523 401 1567 quia
429 1522 549 1567 majus
571 1525 625 1557 cst
662 1522 762 1567 quod
793 1533 878 1558 san-

101 1568 252 1609 ctificat,
277 1580 388 1614 quam
405 1570 505 1608 Quod
521 1569 797 1611 sanctificatum
824 1581 878 1605 er-

100 1624 147 1660 go
165 1619 202 1651 et
222 1618 401 1662 templum
438 1617 559 1662 niaJus
581 1621 637 1651 est
670 1628 782 1661 quam
811 1628 877 1652 au-

100 1672 196 1707 rum,
220 1668 256 1699 et
278 1665 395 1700 altare
417 1664 539 1709 majus
573 1674 683 1709 quam
722 1664 876 1709 donum,

99 1710 186 1755 quia
204 1711 386 1757 templum
405 1716 441 1746 et
460 1712 579 1746 altare
598 1711 878 1756 quodammodo

98 1758 339 1793 sanctificant
360 1758 397 1793 in
418 1758 472 1794 eis
494 1758 634 1802 oblata,
663 1761 751 1803 quia
773 1762 882 1795 erant

98 1805 175 1840 Deo
199 1805 344 1849 dicata3
368 1816 456 1851 ergo
479 1810 514 1841 ct
529 1806 791 1851 juramentum
812 1817 880 1852 per

99 1852 279 1898 templum
298 1857 334 1888 et
361 1853 479 1889 altare
500 1853 621 1899 majus
658 1856 725 1895 cst,
765 1864 878 1898 quam

99 1909 166 1944 per
187 1910 322 1936 aurum
343 1900 474 1946 templi
492 1900 549 1936 vel
572 1901 713 1936 donum
733 1901 875 1936 altaris.

100 1947 203 1983 Unde
221 1951 327 1983 vocat
349 1959 413 1983 eos
435 1958 556 1984 caecos
579 1949 708 1991 duces,
731 1947 820 1991 quia
840 1949 878 1983 in

100 2004 228 2030 errore
255 2000 376 2039 erant,
396 1998 432 2031 et
453 1995 547 2031 alios
569 1995 604 2030 in
623 2005 791 2030 errorem
810 1995 877 2030 du-

102 2042 238 2077 cebant
260 2054 268 2087 ;
298 2046 334 2078 et
354 2042 424 2078 iste
445 2053 552 2078 error
568 2043 728 2077 maxime
748 2053 790 2077 ex
811 2053 876 2077 cu-

100 2088 257 2134 piditate
279 2090 519 2136 procedebat.
546 2091 653 2135 Item,
691 2088 881 2125 convincit

101 2146 165 2172 eos
183 2136 257 2173 alia
281 2139 441 2179 ratione,
481 2136 570 2183 quia
602 2136 639 2171 in
663 2137 878 2182 juramento

101 2184 204 2229 quod
221 2185 261 2219 sit
279 2195 346 2230 per
366 2185 563 2230 templum,
584 2184 640 2219 vel
661 2194 727 2229 per
745 2184 879 2227 altare,

103 2230 319 2267 continetur
337 2233 596 2278 J'uranientum
628 2241 693 2275 per
731 2241 878 2274 aurum,

103 2278 161 2314 vel
183 2290 250 2325 per
274 2279 441 2315 donum:
470 2280 540 2322 Qui
582 2277 682 2313 enim
715 2278 821 2322 jurat
842 2280 881 2313 in

103 2326 230 2369 altari,
259 2338 300 2362 ex
327 2337 398 2372 quo
426 2326 619 2362 derivatur
645 2325 880 2361 oblationum

109 2373 373 2418 sanctificatio,
391 2374 497 2419 jurat
519 2374 631 2409 etiam
661 2377 693 2408 et
712 2376 749 2408 in
770 2374 884 2408 omni-

111 2419 174 2456 bus
192 2433 270 2466 quae
286 2432 395 2467 super
415 2422 511 2457 illud
529 2425 613 2456 sunt
636 2432 645 2465 ;
668 2424 700 2456 et
722 2422 882 2465 quicum-

109 2478 177 2512 que
190 2469 374 2513 juraverit
395 2468 431 2504 in
454 2468 610 2514 templo,
629 2469 731 2513 jurat
753 2471 788 2502 in
820 2469 883 2502 illo

108 2518 141 2549 et
161 2517 272 2551 etiam
290 2519 330 2551 in
356 2527 397 2551 eo
418 2518 482 2562 qui
502 2517 645 2551 habitat
672 2517 707 2550 in
730 2517 828 2560 ip303
848 2519 886 2549 et

108 2559 192 2597 ideo
212 2563 468 2608 Juramentuin
494 2573 560 2609 per
596 2563 791 2609 ternplum,
828 2561 885 2595 vel

111 2608 244 2654 altare,
264 2610 384 2656 magis
398 2615 455 2646 est
474 2610 752 2655 obligatorium,
774 2618 886 2654 quam

110 2665 177 2702 per
192 2657 287 2692 dona
301 2658 428 2704 templi
451 2659 507 2693 vel
525 2657 667 2693 altaris.
692 2656 883 2699 Similiter,

113 2703 203 2749 quia
224 2705 342 2740 Judaei
363 2704 673 2742 consuetudinem
701 2706 888 2740 habebant

109 2760 177 2796 per
214 2754 349 2788 coelum
380 2753 522 2798 jurare,
566 2752 650 2788 ideo
686 2752 733 2787 ad
760 2762 886 2803 repre-

110 2798 335 2838 hensionem
354 2810 486 2837 eorum
503 2800 630 2838 subdit
646 2811 654 2836 :
673 2802 721 2837 Et
741 2802 806 2846 qut
821 2809 884 2845 Ju-

1681 176 1742 211 243

965 245 1027 278 rat
1040 244 1079 278 in
1099 243 1198 284 coeZO,
1214 242 1321 285 jurat
1337 243 1375 278 in
1407 244 1535 280 throno
1551 246 1631 290 Dei,
1653 248 1686 282 et
1703 248 1742 282 in

966 301 1017 326 eo.
1041 291 1117 326 Deo
1139 289 1293 334 scilicet,
1317 292 1381 335 qui
1404 292 1502 326 sedet
1522 303 1630 338 super
1647 304 1740 329 eum.

964 339 1044 373 Non
1066 348 1155 383 ergo
1187 337 1282 372 sicut
1318 337 1552 374 arbitrantur
1577 341 1743 377 evadunt

966 384 1171 429 periculum
1193 396 1235 420 ex
1259 395 1301 420 eo
1321 387 1419 430 quod
1441 396 1515 421 non
1530 386 1657 431 jurant
1675 399 1742 434 per

964 434 1097 476 Deum,
1127 432 1191 468 sed
1214 443 1278 477 per
1299 433 1477 468 thronum
1497 433 1577 476 Dei,
1599 435 1742 471 scilicet

964 480 1112 515 coelum.
1137 479 1205 522 Qui
1229 481 1327 515 enim
1346 491 1412 526 per
1433 481 1641 526 subjectam
1661 493 1742 518 cre-

962 531 1110 563 aturam
1138 528 1256 573 jurat,
1284 527 1463 573 implicite
1495 529 1601 573 jurat
1621 532 1656 563 et
1680 540 1744 574 per

963 576 1179 611 Creatorem
1221 578 1403 611 creaturae
1442 576 1710 621 praesidentem
1733 589 1742 621 ;

962 626 999 658 et
1014 622 1098 658 ideo
1114 622 1373 668 juramentum
1396 633 1463 668 per
1484 626 1677 658 creaturas
1698 623 1744 658 li-

960 672 1089 714 citum,
1107 673 1162 706 est
1180 669 1462 715 obligatorium.
1484 670 1619 706 Adhuc
1635 670 1743 706 multi

961 718 1183 763 insipientes
1207 717 1410 754 Christiani
1438 719 1573 753 eodem
1595 717 1684 753 vitio
1707 723 1744 754 et

960 764 1070 800 simili
1088 776 1216 800 errore
1232 765 1419 803 laborant,
1433 764 1494 810 qui
1514 768 1648 811 putant
1666 776 1741 801 ma-

954 812 1016 858 jus
1028 823 1106 848 esse
1123 813 1250 858 jurare
1264 824 1331 859 per
1351 812 1608 858 Evangehum,
1628 824 1741 858 quam

958 870 1026 905 per
1049 861 1163 895 Deum
1183 872 1191 904 3
1215 864 1252 895 et
1288 870 1372 896 cum
1398 870 1466 906 ρει·
1494 860 1741 907 Evangelium

953 907 1083 952 jurare
1104 906 1287 951 timeant;
1315 918 1379 953 per
1403 910 1517 943 Deum
1532 911 1657 944 tamen
1674 910 1743 944 t're-

958 959 1133 999 quenter,
1156 966 1198 990 ex
1235 966 1300 990 usu
1336 954 1484 999 vitioso,
1504 956 1634 1001 jurare
1666 967 1742 992 non

957 1001 1178 1047 formidant,
1204 1012 1288 1038 cum
1314 1005 1440 1038 tamen
1463 1006 1542 1038 tota
1563 1003 1744 1039 sanctitas

956 1049 1148 1095 Evangelii
1171 1061 1192 1085 a
1211 1050 1290 1085 solo
1316 1051 1390 1086 Deo
1412 1050 1551 1086 veniat.
1573 1050 1740 1096 Scriptu-

957 1107 1008 1132 rae
1033 1097 1132 1132 enim
1162 1098 1286 1133 Sacrae
1313 1101 1469 1143 propter
1488 1099 1605 1133 Deum
1633 1098 1742 1134 factae

956 1147 1055 1187 sunt,
1079 1155 1154 1180 non
1187 1146 1281 1181 Deus
1310 1149 1463 1190 propter
1501 1145 1739 1191 Scripturas;

956 1195 992 1227 et
1014 1192 1097 1227 ideo
1123 1194 1245 1238 maJor
1271 1197 1328 1228 est
1350 1193 1461 1236 Deus,
1485 1194 1547 1237 qui
1569 1192 1741 1228 sanctifi-

957 1243 1015 1274 cat
1056 1240 1314 1285 Evangelium‚
1338 1250 1450 1285 quam
1478 1240 1738 1286 Evangelium‚

957 1287 1055 1331 quod
1083 1287 1342 1323 sanctificatur
1369 1289 1415 1323 ab
1437 1299 1494 1324 εο.

1004 1338 1023 1369 6
1048 1335 1109 1369 VAE
1133 1347 1176 1369 DE
1214 1346 1361 1370 IGNAVIA
1388 1347 1490 1371 CIRCA
1523 1346 1734 1380 SALUTARIA,

955 1392 1026 1416 DUM
1047 1393 1147 1417 CIRCA
1170 1394 1396 1418 TEMPORALIA
1428 1394 1575 1418 MAGNAM
1596 1394 1736 1418 GERUNT

956 1440 1262 1464 soLLicirumNEii.
1289 1450 1328 1455 —-
1358 1432 1398 1465 In
1424 1430 1568 1475 quinto,
1605 1430 1735 1465 redar-

954 1477 1033 1520 guit
1057 1476 1324 1521 negligentiam
1344 1480 1380 1512 et
1399 1477 1736 1522 snfgnitiem‚quam

954 1522 1146 1558 habebant
1168 1523 1268 1559 circa
1296 1534 1435 1570 magna
1472 1528 1509 1559 et
1547 1523 1666 1569 utilia,
1689 1524 1737 1560 ad

954 1570 1111 1605 salutem
1152 1570 1365 1606 animarum
1405 1571 1648 1617 pertinentia,
1677 1582 1738 1617 ge-

954 1621 1080 1652 rentes
1102 1621 1226 1653 autem
1246 1629 1423 1661 magnam
1442 1618 1737 1655 sollicitudinem

954 1669 990 1700 et
1014 1664 1248 1710 diligentiam
1264 1666 1361 1701 circa
1384 1665 1525 1701 minuta
1546 1670 1581 1702 et
1596 1669 1738 1712 tompo-

954 1711 1060 1747 ralia.
1073 1715 1132 1748 Vae
1153 1714 1268 1757 vobis,
1282 1714 1417 1749 Scrzbae
1431 1718 1464 1749 et
1475 1715 1654 1749 Pharisaei
1670 1716 1736 1758 hy-

950 1762 1115 1804 pocritae,
1157 1762 1223 1805 qui
1259 1761 1450 1796 decimatis
1489 1763 1673 1796 mentham
1705 1764 1738 1797 et

954 1808 1139 1851 anethum,
1167 1811 1201 1842 et
1242 1810 1438 1852 cyminum,
1462 1808 1499 1843 id
1531 1812 1587 1844 est
1623 1808 1738 1844 mini-

955 1864 1036 1889 mas
1056 1865 1116 1889 res
1140 1865 1150 1897 3
1173 1857 1206 1889 et
1226 1856 1432 1899 reliquistis
1460 1866 1539 1900 quae
1564 1858 1738 1899 ¹qravz‘ora

953 1904 1038 1935 sunt
1057 1903 1164 1944 Leqis
1185 1914 1195 1935 .-
1221 1901 1422 1945 judicium,
1462 1902 1605 1938 scilicet
1621 1903 1736 1948 justi-

953 1947 1044 1983 tiam
1066 1947 1104 1982 in
1124 1947 1289 1994 judiciis,
1306 1952 1338 1984 et
1360 1951 1652 1985 ‘misericordiam
1674 1961 1734 1986 er-

953 2006 1001 2040 ga
1023 2005 1223 2041 pauperes,
1245 2000 1278 2030 et
1290 1997 1397 2041 fidem
1414 1997 1450 2032 in
1472 1998 1603 2032 Deum.
1626 1998 1735 2033 Fides

954 2043 1134 2087 importat
1172 2042 1340 2078 debitum
1370 2043 1540 2080 ordinem
1568 2043 1732 2081 hominis

954 2090 999 2125 ad
1028 2091 1147 2125 Deum
1169 2090 1378 2136 ;judicium
1403 2095 1530 2127 autem
1552 2091 1733 2138 importat

954 2136 1122 2172 debitum
1158 2137 1330 2174 ordinem
1366 2138 1529 2174 hominis
1554 2139 1600 2174 ad
1622 2149 1731 2175 suum

954 2185 1181 2230 proximum,
1204 2186 1242 2220 in
1263 2184 1321 2221 his
1342 2196 1426 2231 quae
1448 2187 1590 2222 habent
1615 2186 1731 2222 ratio-

956 2242 1041 2267 nem
1062 2231 1202 2276 debiti3
1233 2232 1493 2269 misericordia
1529 2238 1669 2277 autem⁷
1693 2233 1732 2269 in

955 2278 1014 2313 his
1037 2289 1120 2324 quae
1139 2279 1279 2315 habent
1300 2280 1485 2316 rationem
1507 2281 1621 2317 doni:
1646 2285 1681 2316 et
1696 2280 1735 2317 in

955 2325 1014 2361 his
1050 2326 1172 2362 tribus
1200 2326 1462 2373 intelliguntur
1492 2328 1618 2364 omnia
1657 2328 1734 2373 illa,

957 2384 1039 2419 quae
1060 2373 1107 2408 ad
1133 2374 1290 2411 salutem
1316 2381 1403 2411 sunt
1429 2377 1588 2411 multum
1614 2386 1739 2411 neces-

957 2422 1068 2455 saria.
1094 2422 1197 2463 Quod
1232 2425 1357 2458 autem
1389 2422 1480 2457 dicit
1512 2425 1694 2458 Dominus
1727 2433 1737 2459 t

957 2469 1167 2513 Decimatc's,
1195 2473 1318 2515 potest
1338 2470 1538 2515 dupliciter
1564 2469 1736 2516 intelligi.

960 2516 1038 2550 Uno
1061 2516 1172 2551 modo
1192 2516 1447 2561 respectusui.
1469 2519 1556 2563 quia
1574 2516 1738 2552 licctmi-

959 2561 1068 2597 nistri
1097 2567 1321 2608 receperunt
1353 2563 1519 2600 decimas
1538 2578 1559 2600 a
1585 2565 1738 2611 populo,

960 2613 1088 2645 tamen
1107 2610 1152 2646 de
1171 2610 1244 2646 illis
1260 2611 1424 2657 acceptis
1439 2623 1460 2647 a
1479 2623 1629 2657 popuo,
1643 2616 1678 2647 et
1693 2612 1739 2647 de

961 2655 1020 2691 his
1036 2667 1118 2702 quae
1142 2658 1331 2694 habebant
1348 2670 1389 2694 ex
1407 2660 1534 2695 labore
1547 2670 1627 2702 suo,
1642 2657 1740 2693 deci-

962 2714 1042 2739 mas
1064 2705 1272 2741 reddebant
1295 2705 1483 2742 sacerdoti
1511 2705 1740 2747 summmAd

960 2751 1237 2788 simulationem
1261 2753 1399 2800 quippe
1418 2753 1626 2789 sanctitatis
1650 2753 1736 2788 red-

941 2799 1100 2848 -debaut
1119 2799 1174 2836 eis
1210 2802 1374 2838 decimas
1412 2802 1457 2838 de
1494 2800 1671 2846 minimis,
1701 2803 1737 2837 et
