1907 3139
142 175 201 209 252
608 175 814 208 SECUNDAE
852 175 1006 210 PAR'rts
1045 176 1181 210 CAPUT
1218 176 1295 209 XLI

143 254 181 287 et
208 249 514 292 fundamentum,
539 259 582 285 ac
608 249 760 285 finalem
795 249 919 285 inten-

141 298 285 334 tionem
307 307 417 342 quam
437 297 549 332 habet
571 296 803 332 antedi-ium
826 296 921 332 desi-

142 344 313 387 derium;
337 347 373 380 et
391 355 434 380 ex
454 345 522 379 boc
543 343 581 379 in
611 343 745 379 eodem
780 344 919 379 delicto

142 391 246 429 venit
274 392 401 430 homo,
424 390 462 427 in
491 401 564 436 quo
592 394 649 426 est
691 401 754 434 per
776 390 921 426 deside-

142 440 242 476 rium
263 437 531 485 supradictum.
555 458 601 464 -—
626 437 841 473 Secundum
863 448 921 473 re-

143 485 310 523 medium
327 489 396 529 est,
413 485 512 530 quod
532 484 570 520 in
590 487 655 520 tua
676 483 847 520 oratione
865 485 924 520 vel

146 533 460 580 contemplatione
481 543 556 568 non
574 531 759 568 sustineas
778 531 817 566 in
840 531 921 568 ani-

145 591 209 618 ma
233 586 298 617 tua
326 580 490 627 aliquam
521 577 819 615 consolationem
849 590 924 615 ma-

146 638 260 676 gnam
287 628 345 664 vel
367 637 532 672 parvam,
555 638 597 662 ex
624 637 698 672 quo
727 625 795 661 tibi
817 626 921 662 vide-

146 679 208 713 tur
227 675 326 722 quod
348 675 477 710 fundat
500 685 538 710 se
563 673 601 709 in
629 673 924 718 praesnmptione

147 726 183 760 et
202 725 239 759 in
259 721 506 759 aestimatione
525 720 709 766 superbiae
730 720 923 766 tuiipsius3

146 774 184 807 et
208 774 420 816 postquam
442 769 541 804 ducit
562 772 597 803 te
623 769 658 802 in
679 767 923 804 ambitionem

145 819 199 853 tui
234 815 377 863 proprii
413 814 565 851 honoris
594 816 651 850 vel
680 814 825 859 gloriae,
848 815 924 850 sive

145 864 254 900 istius
273 868 369 907 wtae,
387 862 463 898 sive
481 861 649 898 alterius.
669 861 802 897 Anima
825 862 923 897 enini

147 922 231 958 quae
258 921 297 946 se
328 911 442 946 sentit
474 909 512 945 in
547 908 612 944 tali
649 909 924 952 consolatione,

145 959 249 995 venit
278 957 316 992 in
352 957 478 1002 plures
501 966 649 992 errores
682 961 719 992 et
751 957 869 1000 mala,
891 961 927 992 et

145 1007 242 1042 Deus·
269 1015 333 1048 per
350 1014 460 1039 suum
479 1002 818 1049 justumjusiicium
844 1014 926 1046 per·

145 1051 261 1089 mittit
290 1051 441 1086 diabolo
466 1060 573 1094 posse
597 1050 869 1095 augmentandi
892 1053 927 1086 et

147 1097 383 1137 accen-randi
431 1097 649 1142 praedictain
694 1097 926 1133 consolatio-

147 1157 250 1189 nem,
273 1149 309 1181 et
333 1143 511 1190 imprimit
535 1154 618 1180 cum
643 1144 704 1179 illi
732 1143 769 1180 in
802 1155 929 1180 anima

147 1194 347 1231 falsissima
381 1198 417 1228 et
454 1190 775 1237 perirulosissima
811 1191 926 1228 senti-

148 1244 292 1283 menta,
312 1243 348 1275 et
368 1238 462 1275 alias
490 1237 698 1280 illusiones,
719 1249 814 1284 quas
846 1238 927 1274 ani-

150 1300 211 1326 ma
237 1287 382 1323 imbuta
397 1285 496 1322 dicta
526 1286 783 1322 consolatione
811 1285 930 1321 credit

151 1340 187 1373 et
209 1338 359 1379 renutat
381 1344 464 1370 esse
486 1343 592 1368 veras
614 1333 879 1369 revelationes.
901 1334 928 1370 Ο

151 1387 244 1429 quot
263 1392 433 1428 personae
448 1391 515 1426 per
536 1379 648 1416 istum
672 1381 822 1416 modum
844 1384 931 1416 sunt

152 1430 340 1476 deceptae!
360 1430 401 1464 Et
417 1434 569 1475 propter
587 1430 655 1463 boc
668 1439 815 1471 caveas,
830 1429 930 1472 quod

152 1478 194 1515 in
215 1483 281 1513 tua
303 1481 472 1512 oratione
492 1474 548 1511 vel
570 1475 604 1510 in
629 1479 689 1511 tua
707 1476 934 1521 contempti-

155 1528 259 1561 tione
280 1534 351 1559 non
372 1523 557 1558 sustineas
574 1522 739 1567 aliquam
760 1522 931 1558 consola-

155 1572 312 1611 tionem,
336 1569 404 1605 nisi
425 1569 526 1605 illam
550 1580 631 1613 quae
652 1569 750 1604 venit
770 1580 835 1614 per
854 1580 934 1615 per-

156 1620 292 1655 fectam
313 1617 482 1653 notitiam
510 1620 545 1652 et
569 1617 796 1660 completum
817 1616 932 1652 svnti-

158 1669 328 1702 mentum
359 1669 430 1699 tuae
470 1663 666 1699 nihilitatis
694 1668 729 1699 et
757 1663 932 1709 imperti·-

157 1712 306 1756 ctionis,
327 1715 363 1747 et
382 1721 463 1757 qnae
491 1710 576 1745 tacit
610 1721 850 1756 pei‘<‹·ver.irc
881 1710 933 1745 di-

158 1765 253 1797 ctain
279 1758 448 1794 notitiam
479 1762 514 1792 et
533 1758 798 1793 sentimentuin
823 1756 873 1792 tui
899 1768 933 1792 in

156 1811 207 1851 te,
236 1817 278 1842 ac
308 1804 606 1850 magnitudinem
637 1808 673 1840 et
697 1805 931 1840 altitudinem

157 1856 222 1891 Dei
253 1864 320 1900 per
353 1854 466 1888 altam
504 1852 769 1893 reverentiam,
792 1856 828 1887 et
850 1862 933 1887 cum

156 1911 295 1947 magno
323 1898 509 1936 desiderio
547 1899 702 1935 lionoris
740 1903 776 1934 et
803 1898 933 1944 gloriae

158 1950 245 1991 De13
279 1950 330 1983 sie
368 1946 467 1992 quod
505 1946 691 1981 antedicta
727 1946 932 1982 consolatio

158 1995 340 2032 fundetur
359 1999 395 2030 et
413 1991 582 2029 tomum
617 1993 664 2028 sit
689 1992 727 2028 in
756 1992 814 2028 his
835 2003 932 2038 prae-

159 2042 282 2083 dietis,
310 2041 364 2077 vel
397 2039 595 2082 similibus,
619 2044 684 2076 aut
710 2040 930 2085 aequalibns.

160 2091 205 2125 Et
230 2089 330 2125 idem
355 2090 453 2134 quod
479 2088 617 2123 dictum
655 2092 712 2123 est
744 2088 789 2123 de
810 2086 935 2122 divina

161 2136 436 2177 consolatiune,
460 2134 626 2180 intellige
659 2134 768 2169 ctiam
794 2135 837 2170 dc
860 2134 934 2170 ser-

160 2193 251 2219 vore
265 2186 300 2217 et
320 2182 454 2218 ardore
476 2181 726 2226 perfectionis,
747 2192 831 2227 quae
857 2191 935 2226 pos—

164 2235 251 2266 sunt
272 2239 354 2265 esse
389 2228 426 2264 in
452 2229 592 2264 eisdem
624 2229 756 2264 modis.
780 2250 825 2255 —
846 2230 932 2264 Ter-

159 2277 254 2313 tium
276 2275 481 2312 remedium
504 2280 571 2319 est,
595 2276 693 2321 quod
715 2286 825 2311 omne
846 2286 933 2311 sen-

161 2326 359 2360 timentnm
386 2327 728 2368 quantumcumque
747 2323 878 2366 altum,
900 2326 936 2358 et

162 2372 284 2407 omnis
307 2369 399 2405 visio
426 2375 773 2415 quantumcumque
793 2373 937 2405 suci-cta

159 2417 227 2454 tibi
252 2420 444 2462 appareat,
467 2427 715 2462 quaecumque
737 2416 851 2452 etiam
871 2420 934 2460 sit,

156 2465 187 2500 si
211 2463 313 2500 ducit
331 2474 396 2498 cor
416 2467 521 2499 tuum
543 2464 580 2499 in
599 2464 818 2507 opinionem
847 2474 934 2499 con-

158 2515 218 2547 tra
241 2510 404 2556 aliquem
427 2510 627 2547 articulum
651 2511 752 2555 tidei,
771 2511 828 2546 vel
851 2521 937 2546 con-

160 2563 219 2594 tra
251 2558 368 2593 banos
398 2567 535 2601 mores,
557 2562 594 2592 et
620 2557 779 2593 maxime
806 2561 937 2593 contra

161 2603 425 2647 humilitatem,
444 2604 501 2640 vel
531 2607 663 2641 contra
681 2605 935 2648 honestatem,

163 2651 284 2697 fugias
314 2661 397 2687 eain
426 2654 463 2686 et
491 2651 710 2694 horrescas3
736 2651 824 2697 qnia
856 2652 935 2687 sine

163 2698 276 2735 dubio
292 2708 333 2733 ex
354 2700 456 2741 parte
475 2697 614 2733 diaboli
635 2698 744 2733 venit.
766 2700 808 2734 Et
826 2698 856 2734 si
874 2708 935 2743 ap-

163 2748 294 2792 pareat
318 2744 386 2781 tibi
414 2744 539 2790 aliqua
571 2744 676 2789 visio,
700 2747 744 2779 de
776 2755 849 2790 qua
885 2745 936 2780 sis

165 2796 305 2839 certus,
329 2791 429 2840 quod
449 2791 576 2830 veniat
605 2802 648 2829 ex
667 2795 772 2838 parte
792 2791 873 2838 Dei,
899 2795 937 2829 et

999 250 1098 295 quod
1117 249 1209 285 illud
1227 246 1480 295 quodindii‹·it
1498 245 1604 289 visio,
1622 248 1678 282 est
1695 245 1770 287 pta-

995 297 1108 332 cituiu
1144 298 1234 341 Deo,
1257 296 1331 331 noli
1367 299 1403 331 te
1428 295 1579 330 firmare
1604 292 1641 328 in
1670 292 1770 329 dicta

995 344 1151 380 visione.
1190 364 1223 369 —-
1259 344 1439 386 Quartum
1466 339 1671 376 remedium
1698 343 1768 384 est,

995 392 1095 438 quod
1127 396 1279 437 propter
1309 390 1420 425 altain
1450 393 1578 431 vitam,
1603 387 1658 423 vel
1682 397 1769 433 pro-

997 442 1077 484 pter
1115 448 1288 483 magnam
1315 435 1566 477 devotionem,
1589 438 1651 469 aut
1683 445 1771 480 pro-

994 489 1078 532 pter
1097 485 1320 532 praeclarum
1335 483 1579 522 intellevtum,
1603 492 1667 518 seu
1687 492 1771 528 pro·

995 531 1375 579 pteraliquamaliam
1386 529 1771 575 sufficientiamquam

995 580 1099 616 vides
1125 579 1165 615 in
1194 578 1383 623 aliquibus
1412 576 1599 622 personis,
1620 587 1694 612 non
1716 587 1772 613 se-

997 627 1125 673 quaris
1143 636 1274 662 eorum
1294 624 1464 667 consilia,
1486 624 1544 660 vel
1566 626 1710 663 modos„
1728 634 1773 660 ex

998 685 1069 720 qu«)
1091 672 1287 717 cognoscis
1303 672 1402 708 clare
1421 674 1458 707 et
1478 670 1773 715 rationabiliter,

998 721 1097 768 quod
1131 730 1263 757 eorum
1291 718 1448 755 consilia
1483 729 1558 753 nnn
1596 720 1684 753 sunt
1721 728 1775 754 se-

998 769 1160 804 cundum
1178 769 1290 803 Deum
1303 770 1339 802 et
1356 776 1478 801 veram
1490 764 1773 810 discretionem,

998 826 1065 862 per
1087 815 1183 851 viam
1205 815 1291 851 ,lesu
1325 812 1459 850 Christi
1481 817 1516 848 et
1552 813 1775 848 Sanctorum

1002 866 1262 903 monstratam,
1288 864 1325 896 et
1364 861 1569 906 perfectam
1609 858 1776 905 Scriptu-

999 920 1080 945 ram
1100 912 1135 944 in
1157 908 1266 944 dictis
1288 909 1509 944 Sanctorum
1528 905 1774 942 notificatam.

1000 958 1073 993 Nec
1104 960 1259 1002 propter
1291 957 1360 990 boc
1387 959 1521 990 timeas
1543 954 1641 999 quod
1670 963 1777 998 sper-

1004 1004 1127 1039 nendo
1148 1003 1238 1039 talia
1259 1001 1414 1037 consilia
1442 1001 1626 1037 dit-tarum
1646 1011 1776 1046 perso-

1003 1061 1148 1087 narum.
1170 1060 1302 1096 pecces
1320 1059 1386 1095 per
1404 1048 1619 1094 superbiam
1638 1052 1674 1082 et
1687 1058 1776 1090 prae-

1003 1097 1276 1142 sumptioneim
1298 1096 1417 1132 s·lum
1440 1095 1539 1141 qnod
1555 1094 1668 1130 facias
1687 1105 1776 1141 pro·-

1004 1150 1087 1191 ptet·
1121 1145 1173 1180 zvl
1193 1155 1240 1180 »m
1267 1147 1302 1179 et
1325 1142 1491 1178 veritatis
1527 1152 1709 1178 amorem.
1733 1162 1779 1168 —

1005 1192 1183 1235 Quintum
1208 1189 1414 1226 remedium
1439 1193 1509 1232 est,
1538 1189 1637 1234 quod
1660 1189 1779 1235 fugias

1005 1243 1042 1275 et
1059 1239 1150 1274 vites
1168 1237 1461 1273 familiaritatem
1486 1236 1630 1272 illarum
1653 1246 1780 1282 perso-

1008 1296 1137 1322 narum
1175 1296 1258 1331 quae
1278 1283 1396 1319 dictas
1423 1287 1647 1319 tentationes
1667 1282 1779 1320 serni-

1009 1338 1099 1369 nant
1123 1336 1160 1369 et
1191 1331 1421 1374 diffundunt,
1445 1336 1480 1367 et
1499 1330 1581 1366 illas
1600 1341 1780 1376 personas

1007 1392 1091 1427 quae
1118 1380 1268 1416 casdem
1310 1377 1499 1414 sustinent
1529 1382 1566 1414 et
1600 1377 1777 1422 laudant;

1006 1432 1042 1464 et
1065 1427 1138 1463 noli
1161 1437 1290 1463 eoruin
1314 1426 1427 1462 verba
1448 1425 1505 1461 vel
1524 1424 1638 1461 etiarn
1657 1425 1779 1462 collo-

1008 1475 1177 1511 cutiones
1197 1474 1473 1517 audin-,neque
1494 1483 1622 1508 eorum
1646 1472 1779 1509 modos

1008 1522 1099 1558 vetis
1115 1522 1256 1564 videi-0,
1273 1520 1359 1564 quia
1372 1519 1437 1555 tibi
1460 1520 1779 1556 demonstrabunt

1010 1580 1184 1614 magnum
1208 1568 1355 1604 simum
1382 1567 1620 1612 perfectionis
1645 1567 1683 1602 in
1706 1568 1781 1613 plu-

1011 1616 1113 1652 ribus
1135 1615 1257 1651 verbis
1278 1618 1314 1650 et
1340 1614 1471 1657 niodis,
1490 1625 1556 1659 per
1578 1625 1659 1660 quae
1680 1615 1707 1650 si
1730 1614 1782 1650 vis

1009 1663 1191 1709 accipvre,
1219 1666 1255 1698 et
1288 1672 1351 1697 eos
1381 1665 1572 1706 taniqu.im
1603 1661 1782 1697 divinales

1010 1721 1128 1755 sequi,
1150 1709 1274 1745 venies
1294 1708 1327 1743 in
1352 1708 1516 1753 pericua
1538 1712 1574 1743 et
1609 1708 1783 1754 praecipi-

1010 1758 1058 1793 tia
1081 1767 1252 1793 errorum
1276 1762 1312 1792 et
1327 1755 1614 1791 inhonestorum
1636 1765 1783 1792 morum

1010 1804 1242 1840 eurumdem.

1056 1855 1076 1887 5
1095 1853 1252 1887 Unoizcm
1271 1861 1426 1887 numinum
1445 1861 1580 1886 CONTRA
1595 1862 1784 1887 τΕΝτΑτιο-

1010 1911 1074 1934 Nizs
1100 1910 1143 1934 Ex
1170 1910 1281 1934 PARTE
1308 1908 1488 1933 mmmm.
1518 1918 1561 1923 —
1590 1898 1678 1933 Post
1706 1899 1784 1934 liaec

1010 1946 1092 1981 vide
1126 1945 1305 1988 remedia,
1329 1955 1413 1990 quae
1437 1944 1552 1980 debes
1587 1945 1783 1981 attendere

1010 1992 1109 2029 circa
1128 1993 1276 2038 aliquas
1294 2002 1486 2036 pei-sonaS,
1503 2002 1585 2037 qnae
1605 2002 1783 2036 persuam

1011 2040 1122 2076 vitam
1156 2044 1193 2075 et
1229 2038 1438 2075 doctrinam
1458 2038 1644 2074 seminant
1667 2038 1784 2075 dictas

1010 2085 1257 2122 tentationes.
1294 2107 1335 2112 -
1379 2086 1545 2125 Primum
1575 2086 1783 2122 remedium

1011 2139 1079 2172 est.
1092 2134 1189 2177 quod
1208 2143 1278 2168 non
1290 2133 1429 2168 habeas
1442 2142 1613 2178 magnam
1627 2133 1786 2170 aestima-

1010 2181 1152 2216 tionem
1166 2179 1366 2223 visionum,
1379 2183 1443 2215 ant
1458 2180 1783 2224 sentinientorum‚

1010 2228 1068 2264 vel
1101 2232 1274 2273 raptunm
1301 2236 1429 2262 eorum
1452 2237 1461 2269 3
1482 2227 1556 2262 imo
1588 2226 1617 2262 si
1646 2227 1785 2263 ducunt

1011 2281 1047 2310 te
1066 2274 1104 2309 in
1125 2273 1268 2319 aliquid
1294 2273 1395 2318 quod
1430 2277 1476 2309 sit
1502 2277 1634 2310 conti-a
1655 2273 1783 2318 fidem,

1010 2321 1065 2357 vel
1101 2325 1233 2357 conti-a
1270 2320 1480 2366 Scripturas
1519 2325 1680 2365 s.inctas,
1721 2324 1785 2357 aut

1010 2371 1141 2405 contra
1157 2369 1276 2404 bonos
1293 2377 1429 2409 moreS,
1452 2367 1509 2403 vel
1535 2373 1668 2403 contra
1690 2367 1784 2404 vitas

1011 2419 1245 2457 Sanctorum,
1279 2425 1343 2450 scu
1384 2414 1498 2450 verba
1529 2425 1659 2450 eorum
1693 2425 1784 2451 sane

1011 2466 1176 2506 accepta,
1195 2462 1402 2498 abhorreas
1421 2471 1551 2497 eorum
1567 2460 1728 2498 visiones
1742 2465 1780 2498 et

1011 2511 1236 2545 sentimenta
1256 2512 1447 2554 tamquam
1475 2509 1609 2544 stultas
1631 2510 1781 2545 demen-

1010 2556 1096 2599 tias,
1118 2560 1298 2592 eteorum
1321 2559 1446 2601 raptus
1461 2554 1557 2591 sicut
1574 2555 1783 2592 rabiainen-

1010 2608 1059 2639 ta.
1084 2602 1121 2638 Si
1142 2607 1266 2639 tamen
1284 2603 1422 2638 ducunt
1441 2602 1478 2638 in
1499 2603 1570 2638 hoc
1606 2603 1706 2648 quod
1726 2605 1784 2639 est

1011 2651 1215 2687 secundum
1236 2649 1363 2692 fidem,
1382 2653 1419 2685 et
1445 2649 1653 2685 secundum
1680 2649 1782 2687 Scri—

1010 2705 1171 2743 pturam,
1194 2700 1230 2732 et
1250 2696 1455 2732 secundum
1479 2697 1646 2740 sanctos,
1666 2700 1701 2732 et
1723 2706 1782 2732 se-

1010 2744 1172 2780 cundum
1193 2745 1312 2779 bonos
1336 2754 1469 2788 mores,
1494 2743 1569 2779 noli
1590 2753 1782 2790 spernere,

1011 2790 1098 2839 quia
1124 2790 1281 2828 forsitan
1300 2800 1498 2838 sperneres
1517 2790 1588 2828 hoc
1608 2790 1710 2838 quod
1725 2792 1782 2828 est
