1907 3139
564 282 616 315 uh:
658 282 1040 317 RESUSCITATIONE
1081 284 1257 318 LAZAltl.
1686 291 1742 323 ΗΓ,

114 353 203 387 meis
238 353 417 396 minimis,
460 352 553 387 mihi
592 353 748 396 fecistis.
790 353 897 389 Unde

116 399 314 444 Greqorius
336 411 344 434 :
366 411 382 432 «
400 400 549 436 Fratres
570 399 656 442 mei,
674 403 710 436 et
724 401 897 446 requiem

115 446 262 485 Lazari.
285 449 322 482 et
341 457 493 493 poenam
512 447 642 483 divitis
663 459 896 493 cognoscen-

116 497 184 538 tes,
208 494 369 530 solerter
399 495 514 541 agite,
539 496 733 542 culparum
756 501 898 533 vestra-

115 552 201 578 rum
251 541 526 579 intercessores
564 543 737 590 (plectite,
786 548 898 590 atque

116 589 321 626 advocatos
341 590 450 627 vobis
472 590 510 627 in
530 591 630 628 diem
653 591 783 639 judicii
803 604 897 639 pau-

115 647 227 683 peres
259 644 472 683 procurate.
509 640 602 676 Cum
642 639 830 684 quoslibet
862 639 901 676 in

117 686 190 721 hoc
210 686 353 722 mundo
381 687 549 732 abjectos
569 686 750 734 aspicitis,
773 689 901 724 etiam-

119 732 163 778 si,
188 744 261 779 qua
300 735 613 780 reprehensibilia
646 746 777 771 eorum
819 746 901 772 esse

118 780 331 826 videantur,
351 781 467 818 nolite
488 782 694 829 despicere.
719 782 812 826 Quia
831 784 903 819 for-

120 832 223 865 tasse
252 839 345 875 quos
373 840 521 866 morum
544 830 744 866 infirmitas
775 831 904 867 vulne-

119 882 193 920 rat,
213 876 401 913 medicina
419 878 653 923 paupertatiS
669 881 786 914 curat.
808 880 904 921 Quo-

120 935 219 969 rum,
239 924 269 960 si
293 935 363 970 qua
396 929 482 961 sunt
509 926 601 962 talia
634 936 718 972 qua}
739 926 903 962 debeant

118 972 206 1018 jure
228 973 473 1019 reprehendi,
492 984 627 1020 panem
644 972 789 1020 pariter
809 973 903 1010 detis

122 1024 159 1055 et
177 1020 336 1056 verbum
356 1031 364 1055 ε
383 1030 519 1066 panem
557 1022 697 1057 scilicet
732 1021 903 1068 refectio-

121 1066 195 1111 nis,
218 1078 302 1103 cum
324 1069 439 1104 verbo
461 1068 728 1115 correptionis3
763 1072 798 1105 et
829 1069 904 1105 duo

122 1125 144 1151 a
163 1114 273 1151 vobis
295 1114 478 1152 alimenta
500 1116 683 1163 percipiat
707 1116 771 1162 qui
788 1128 904 1153 unum

126 1163 347 1209 quaerebam
371 1163 461 1200 dum
487 1164 649 1201 exterius
679 1163 777 1210 cibo,
809 1163 905 1200 inte-

122 1210 202 1247 rius
238 1210 397 1247 satiatur
431 1212 594 1258 eloquio.
620 1213 768 1259 Pauper
800 1223 905 1258 ergo,

125 1268 212 1295 cum
233 1259 545 1303 reprehensibilis
566 1259 745 1303 cernitur,
776 1270 906 1295 mone-

125 1305 159 1342 ri
178 1306 303 1350 debet,
323 1310 359 1342 et
380 1305 519 1353 despici
542 1319 617 1343 non
642 1308 753 1343 debet
774 1319 781 1352 ;
801 1308 830 1343 si
849 1318 906 1342 ve-

128 1364 172 1390 ro
194 1354 503 1399 reprehensionis
522 1354 614 1390 nihil
639 1355 766 1399 habet,
791 1366 905 1391 vene-

127 1401 205 1437 rari
227 1412 480 1448 summopere.
500 1404 580 1438 »Et
598 1402 735 1438 iterum
760 1414 770 1438 .·
800 1417 814 1436 «
836 1403 908 1438 Ne-

129 1459 234 1485 cesse
278 1452 346 1494 est,
386 1452 440 1494 ut,
465 1461 549 1485 cum
588 1453 732 1485 naturae
769 1453 908 1486 nostrae

132 1499 327 1533 consortes
348 1497 534 1533 exteriora
554 1508 631 1532 non
652 1497 792 1533 hahere
814 1508 910 1533 con—

133 1543 330 1590 spicimus,
354 1555 467 1590 quam
489 1544 609 1581 multa
641 1544 765 1580 desint
800 1543 909 1580 nobis

129 1591 318 1628 interiora
353 1592 454 1628 bona
477 1602 691 1639 pensemus.
721 1594 909 1636 Quatenus

133 1650 218 1675 sese
253 1650 365 1685 super
401 1641 530 1686 inopes
570 1639 748 1686 cogitatio
780 1645 911 1676 nostra

132 1697 210 1723 non
233 1687 367 1730 elevet,
402 1698 487 1724 cum
515 1687 675 1724 solerter
699 1685 815 1731 videt,
847 1687 910 1733 qui

129 1744 198 1770 nos
214 1737 319 1770 tanto
339 1735 507 1781 uberius,
528 1738 667 1781 quanto
680 1735 838 1771 interius
853 1735 909 1770 in-

131 1781 304 1829 digentes
331 1793 476 1820 sumus.
505 1785 698 1830 Negantur
723 1781 853 1820 electis
873 1781 913 1818 in

967 356 1038 391 hac
1054 352 1133 390 vita
1153 355 1255 390 bona
1272 357 1440 400 terrena,
1462 357 1549 401 quia
1566 361 1602 393 et
1618 359 1744 406 zegris,

969 401 1104 450 quibus
1124 412 1208 448 spes
1231 401 1379 438 vivendi
1410 405 1480 448 est,
1507 415 1744 452 nequaquam

968 462 990 487 a
1005 450 1151 486 medico
1166 453 1301 486 cuncta
1316 461 1399 497 quae
1411 455 1591 498 appetunt
1616 464 1747 490 ‹eonce-

970 498 1110 535 duntur
1127 509 1135 543 ;
1160 499 1300 535 dantur
1319 504 1447 535 autem
1465 500 1638 546 reprobis
1653 501 1751 537 bona

972 557 1057 593 quse
1097 549 1298 593 appetunt,
1335 547 1423 593 quia
1468 550 1503 583 et
1544 547 1752 594 desperatis

971 595 1082 641 aegris
1096 605 1207 630 omne
1228 594 1331 640 quod
1351 593 1571 632 desiderant
1593 607 1667 632 non
1690 607 1753 632 ne-

970 649 1094 689 gatur.
1117 656 1134 674 »
1157 643 1260 678 Unde
1276 645 1314 678 et
1335 643 1551 678 Ambrosius
1575 656 1585 679 .-
1608 658 1626 676 «
1656 645 1753 680 Con-

971 691 1100 726 tinuus
1122 700 1314 726 successus
1341 690 1612 737 temporalium
1640 697 1753 728 eeter—

972 748 1030 773 nse
1063 736 1342 783 reprobationis
1370 742 1427 774 est
1461 737 1643 775 indicium
1687 750 1695 775 :
1735 752 1753 773 υ

974 785 1078 821 Unde
1100 784 1213 820 etiam
1246 787 1506 830 Augustinus:
1531 801 1549 820 «
1575 788 1643 830 Tu,
1666 798 1754 823 con—

973 831 1108 868 solatio
1131 831 1379 879 sempiterna,
1401 844 1483 880 quae
1510 833 1600 870 solis
1622 833 1696 870 illis
1717 836 1753 870 te

973 879 1110 916 tribuis
1125 880 1189 925 qui
1207 880 1506 917 consolationem
1519 882 1631 928 hujus
1646 893 1753 917 mun-

974 927 1011 963 di
1035 938 1100 972 pro
1125 928 1383 965 consolatione
1400 931 1463 965 tua
1484 929 1753 966 contemnunt!

975 976 1084 1020 Nam,
1097 974 1159 1021 qui
1178 974 1239 1011 hic
1261 977 1520 1022 consolantur,
1533 976 1679 1023 indigni
1693 979 1758 1013 tua

975 1023 1233 1059 consolatione
1264 1024 1467 1066 habentur,
1502 1025 1568 1061 sed
1592 1024 1657 1071 qui
1695 1025 1758 1061 hic

977 1071 1208 1116 cruciantur,
1236 1082 1258 1107 a
1282 1075 1318 1107 te
1339 1072 1612 1117 consolantur;
1636 1075 1674 1108 et
1693 1071 1756 1118 qui

975 1117 1204 1164 participant
1238 1118 1477 1164 passionibus
1529 1119 1759 1166 participant

978 1165 1311 1202 consolationibus.
1328 1168 1444 1203 Nemo
1467 1166 1567 1203 enim
1588 1166 1760 1213 potestin

977 1216 1139 1259 utroque
1158 1214 1283 1249 seculo
1318 1213 1521 1260 consolari,
1544 1226 1613 1252 nec
1634 1220 1762 1262 potest.

979 1259 1064 1306 quis
1096 1261 1155 1296 hic
1196 1265 1232 1296 et
1268 1260 1307 1296 in
1332 1262 1456 1298 futuro
1477 1263 1669 1309 gaudere,
1694 1262 1761 1299 scd

978 1318 1098 1344 unam
1131 1318 1286 1344 necesse
1307 1312 1364 1344 est
1383 1311 1558 1356 perdere,
1582 1309 1646 1356 qui
1667 1310 1761 1346 alte-

979 1366 1060 1391 ram
1085 1355 1159 1391 vult
1178 1355 1373 1401 possidere
1400 1368 1407 1392 :
1431 1371 1449 1389 »
1475 1358 1556 1394 haec
1576 1359 1761 1403 Auqustz'-

979 1413 1061 1438 nus.
1085 1404 1173 1438 Haec
1189 1403 1303 1448 igitur
1318 1404 1526 1450 praemissa,
1547 1406 1644 1442 bene
1671 1415 1760 1441 con-

981 1449 1162 1494 siderata,
1186 1454 1223 1486 et
1254 1450 1433 1488 divitibus
1461 1455 1497 1488 et
1521 1452 1757 1499 pauperibus

978 1497 1088 1533 valde
1110 1500 1198 1533 sunt
1218 1499 1461 1544 necessaria;
1491 1499 1579 1546 quia
1609 1503 1647 1536 et
1677 1499 1758 1535 illis

978 1544 1072 1580 dant
1090 1544 1282 1589 timorem,
1295 1549 1332 1582 et
1345 1545 1427 1583 istis
1443 1547 1756 1584 consolationem.

975 1591 1144 1628 Audiant
1164 1592 1224 1628 hic
1255 1592 1391 1630 divites
1416 1605 1547 1641 poenas
1577 1606 1665 1632 suas
1682 1623 1691 1639 ,
1721 1599 1760 1631 et

979 1650 1165 1686 pauperes
1180 1640 1321 1687 gaudia
1342 1653 1422 1686 sua,
1449 1645 1490 1679 ut
1510 1642 1564 1678 illi
1586 1647 1758 1679 terrean-

978 1689 1041 1723 tur
1062 1692 1100 1723 et
1119 1687 1181 1723 isti
1203 1688 1455 1727 mulceantur.
1477 1691 1564 1735 Sed,
1579 1690 1672 1727 heu!
1697 1701 1761 1737 pa-

978 1745 1063 1771 rum
1074 1735 1155 1771 haec
1163 1736 1408 1782 attendimus,
1419 1740 1454 1774 et
1467 1737 1691 1774 memoriam
1705 1749 1765 1774 eo-

978 1792 1064 1819 rum
1076 1793 1160 1820 cum
1172 1783 1297 1821 sonitu
1311 1785 1476 1823 transire
1488 1784 1759 1832 permittimus.

870 1902 1041 1940 ORATIO

180 2002 339 2040 Domine
358 2004 446 2040 Jesu
464 2002 623 2048 Christe,
641 2013 726 2039 cum
747 2002 818 2039 sim
839 2003 993 2041 omnino
1014 2015 1158 2052 pauper
1185 2004 1399 2053 virtutihus,
1422 2007 1557 2052 plenus
1583 2009 1759 2054 peccato-

131 2062 217 2088 rum
254 2051 456 2096 ulceribus,
478 2051 670 2088 mendicus
703 2055 790 2088 ante
811 2051 967 2097 januam
993 2057 1067 2089 tuae
1108 2052 1377 2092 misericordiae
1404 2055 1561 2101 positus,
1605 2058 1766 2103 cupiens

131 2099 293 2135 saturari
312 2099 358 2136 de
375 2099 481 2135 micis
509 2099 778 2145 exemplorum,
808 2110 890 2145 quse
909 2100 1048 2137 cadunt
1069 2101 1114 2137 de
1140 2112 1271 2139 mensa
1301 2102 1458 2139 divitum
1484 2103 1653 2139 filiorum
1678 2108 1766 2141 tuo-

131 2157 229 2192 rum,
255 2147 318 2193 qui
336 2147 544 2184 induuntur
560 2158 728 2194 purpura
750 2146 977 2192 passionum,
1003 2152 1039 2184 et
1060 2149 1260 2195 epulantur
1281 2150 1450 2196 quotidie
1474 2150 1668 2197 splendide
1687 2152 1765 2188 fer-

132 2194 226 2230 culis
262 2194 441 2232 virtutum
460 2208 468 2240 ;
502 2195 655 2231 veniant
685 2205 798 2231 canes
819 2195 992 2231 doctores
1012 2195 1083 2241 tui,
1105 2199 1147 2232 ut
1179 2196 1325 2245 lingant
1343 2198 1501 2235 vulnera
1521 2201 1765 2245 peccatorum

131 2252 316 2288 meorum,
339 2246 380 2280 ut
400 2243 562 2280 moriens
582 2243 736 2287 mundo,
765 2243 940 2288 deporter
968 2244 1015 2280 ab
1038 2243 1190 2291 Angelis
1220 2244 1259 2281 in
1287 2245 1412 2283 sinum
1436 2246 1766 2292 contemplationis

131 2290 353 2327 coelestium.
374 2291 535 2328 Audiam
552 2293 705 2338 Moysen
725 2293 760 2326 et
778 2291 999 2336 Prophetas,
1025 2290 1249 2330 declinando
1270 2304 1292 2330 a
1311 2294 1426 2340 malo,
1448 2296 1484 2330 et
1497 2293 1670 2331 faciendo
1693 2295 1763 2331 bon

132 2347 239 2422 gum,
278 2342 320 2376 ut
350 2350 394 2377 ex
433 2340 593 2377 mortuis
628 2337 807 2387 operibus
826 2348 1044 2386 resurgens,
1072 2350 1220 2387 sperem
1250 2341 1367 2379 vitam
1396 2342 1539 2380 habere
1564 2344 1763 2380 aeternam.

164 2395 265 2422 men.

779 2547 961 2596 CAPUT
999 2549 1123 2597 XVII

642 2674 692 2704 DE
733 2673 1070 2704 RESUSCITATIONE
1105 2673 1260 2704 LAZARt.

769 2765 788 2801 J
794 2760 928 2800 oannis
948 2771 1031 2809 cap.
1050 2762 1109 2799 XI.

191 2878 371 2913 iiuomms
390 2876 913 2914 LizsmCamsmxmmwn.
950 2878 957 2925 1
990 2877 1089 2923 pulis
1110 2880 1215 2916 trans
1244 2880 1464 2925 Jordanem,
1503 2882 1539 2917 in
1580 2883 1662 2919 loco
1705 2883 1770 2920 ubi

139 2944 182 2951 -
203 2924 297 2961 Cum
317 2928 445 2962 autem
465 2927 563 2962 esset
577 2927 689 2963 Jesus
704 2935 788 2962 cum
803 2923 912 2960 disci·
945 2926 952 2970 Ι
983 2927 1150 2963 Joannes
1182 2926 1346 2972 primum
1376 2929 1645 2975 baptizaverat,
1674 2941 1771 2967 con-
