1907 3139
400 126 451 159 DE'
489 125 632 160 FLETU
669 126 826 162 DOMINI
865 129 1006 166 SUPER
1044 131 1322 172 JERUSALEM.
1365 135 1456 170 ETC.
1690 139 1748 175 183

115 194 228 241 lignis
264 198 300 231 et
327 194 422 242 palis
452 195 574 240 facta;
598 198 634 232 et
654 197 725 233 hoc
750 198 889 236 sactum

115 243 186 280 suit
209 243 247 286 in
270 242 485 286 vindictam,
508 243 597 289 quia
617 249 729 291 caput
751 247 890 284 ChrIsti

114 291 233 328 Judaei
251 290 578 326 circumdederunt
593 292 725 338 spinea
735 304 887 331 corona.

114 341 161 375 Ec
181 338 457 374 circumdabunt
476 341 520 379 te,
544 349 611 374 sua
628 341 798 386 potentia
813 354 893 378 cor-

113 385 232 432 porali
252 397 260 429 ;
284 388 319 420 ct
339 385 408 420 hoc
430 384 467 420 in
484 385 702 432 vindictum,
724 388 811 434 quia
829 392 893 426 Ju-

114 433 183 469 dzei
203 432 533 469 circumdederunt
548 434 736 471 Christum
755 437 791 472 in
806 438 893 473 1101·-

112 484 164 524 10,
183 490 266 515 eum
279 479 414 525 gladiis
433 483 469 516 ct
492 480 721 518 l'ustibus.Et
738 495 894 529 comiqu-

111 528 260 563 stabunt
300 530 332 563 te
365 528 541 573 mutique,
571 530 712 566 scilicet
745 532 894 568 conclu-

112 574 249 618 dendo,
266 577 302 610 et
318 575 549 620 prohibendo
568 577 762 615 introitum
779 582 892 625 atque

112 621 265 665 exitum,
281 621 333 658 ita
360 626 401 659 ut
428 623 532 659 nulla
549 624 594 659 sit
612 625 802 663 evasionis
819 628 891 673 via,

111 672 216 705 tanta
246 673 372 706 autem
401 670 470 706 l'uit
495 670 655 708 civitatis
691 674 890 720 angusfia,

111 719 152 753 ut
172 728 305 753 carnes
334 718 499 754 filiorum
528 720 827 767 manducarent;
857 725 894 758 et

110 765 182 800 hoc
202 764 237 800 in
259 765 477 810 vindictam,
500 767 676 812 quoniam
696 768 816 805 Judoei
840 769 892 805 si-

112 813 218 848 tienti
243 814 389 849 Christo
411 817 558 849 acetum
580 814 619 850 in
640 826 752 852 cruce
775 817 891 853 dede-

110 870 153 895 ru
160 864 212 896 nt.
224 863 270 896 Et
281 862 329 896 ad
341 865 473 896 terram
480 865 755 907 prostemzmzt‚te
772 867 893 900 turres

111 911 147 943 ct
168 908 249 944 loca
267 908 468 945 munitiora
486 908 682 954 diruendo,
703 914 739 946 et
759 914 892 948 cuncta

110 955 270 991 {edificia
286 957 332 992 ad
353 961 492 992 terram
510 956 740 1004 dejiciendo3
766 963 801 994 et
822 960 893 995 hoc

111 1004 149 1038 ln
169 1003 386 1048 vindictam,
406 1003 584 1050 quoniam
602 1016 734 1050 corpus
756 1006 892 1042 Christi

110 1055 300 1087 mortuum
329 1051 496 1097 oportuit
523 1052 672 1098 sepeliri
705 1054 739 1088 in
773 1058 886 1090 terra.

109 1100 157 1134 Et
178 1100 273 1144 filtos
310 1102 403 1143 ticos,
432 1100 467 1134 id
496 1104 552 1135 est
576 1100 739 1145 Judaeos,
763 1104 829 1147 qui
852 1104 892 1138 in

110 1149 144 1182 te
172 1150 259 1182 sunt
288 1146 419 1193 geniti,
446 1157 510 1182 seu
535 1148 770 1184 habitatores
793 1154 888 1193 tuos,

109 1198 352 1240 prosternent
374 1194 421 1230 ad
444 1199 600 1238 terram,
625 1195 770 1241 aliquos
798 1196 891 1232 occi-

111 1243 251 1286 dendo,
291 1242 436 1288 aliquos
478 1243 725 1288 captivando3
751 1248 786 1278 et
818 1244 890 1279 hoe

112 1290 150 1325 in
170 1288 389 1334 vindictam,
406 1288 494 1335 quia
518 1289 657 1325 Christi
681 1290 778 1326 tilios
797 1291 892 1336 Apo-

109 1337 225 1372 stolos
248 1338 431 1382 persecuti
468 1341 567 1373 sunt.
591 1340 638 1373 Et
670 1348 739 1373 non
777 1340 889 1374 relin-

110 1387 285 1430 quentin
320 1387 353 1419 te
387 1385 549 1429 lapidem
583 1395 693 1430 super
713 1387 888 1431 lapidem,

110 1432 252 1468 scilicet
286 1431 452 1468 funditus
492 1432 709 1476 evertendo,
732 1435 769 1468 et
805 1436 889 1478 post

110 1480 238 1525 omnia
256 1479 294 1514 in
322 1482 547 1525 perpetuum
582 1482 669 1514 511111
707 1479 888 1525 dispersi,-

109 1527 198 1572 quia
238 1527 440 1563 noluerunt
471 1527 539 1563 sub
572 1525 642 1562 alis
669 1526 821 1570 Christi,
850 1526 890 1563 in

108 1575 184 1611 fide
209 1574 397 1619 Ecclesiae,
420 1573 655 1620 congregari.
683 1573 747 1610 Cui
776 1574 891 1610 etiam

109 1634 152 1659 ex
171 1633 246 1668 qua
272 1622 380 1669 culpa
401 1621 513 1658 fuerit
532 1632 643 1668 poena
657 1621 784 1666 allata,
805 1623 890 1658 sub-

103 1670 276 1717 jungitur
305 1681 313 1704 :
346 1672 397 1705 Eo
427 1670 533 1715 'quod
560 1680 631 1704 non
667 1671 888 1713 coqnoverz's,

109 1717 197 1764 quia
228 1716 372 1753 malitia
402 1721 439 1753 et
479 1715 623 1752 invidia
654 1720 888 1762 excaecante,

109 1775 339 1811 cognoscere
377 1763 554 1808 noluisti3
587 1767 726 1809 tempus
756 1766 889 1800 visita-

109 1815 220 1849 tionis
247 1815 329 1856 tuae,
352 1811 391 1847 id
431 1814 488 1847 est
526 1811 601 1846 mei
633 1811 817 1847 adventus
849 1811 888 1847 in

110 1870 289 1904 earnem;
313 1860 396 1895 veni
420 1858 521 1894 enim
540 1858 689 1894 visurus
706 1862 743 1894 et
766 1859 888 1894 salva-

110 1911 216 1944 turus
238 1910 290 1950 te,
315 1906 415 1952 quod
450 1906 480 1942 si
501 1917 762 1951 cognosceres,
789 1916 890 1942 esses

110 1958 245 2002 pacata
271 1953 465 1998 Romanis,
489 1958 525 1989 et
546 1954 592 1989 ab
614 1953 789 1989 omnibus
811 1964 890 1990 ere-

110 2006 174 2049 pta
192 2001 380 2048 periculis.
402 2001 439 2037 Si
462 2001 560 2037 enirn
577 2005 725 2047 tempus
741 2000 886 2046 gratiae,

110 2050 150 2085 in
181 2050 345 2085 adventu
372 2047 522 2093 Christi,
545 2049 667 2085 Judaei
692 2048 889 2094 cognovis-

111 2099 207 2141 sent,
234 2095 380 2133 Christo
403 2095 745 2140 credidissent,nec
762 2107 890 2142 supra-

111 2144 231 2181 dictas
258 2143 490 2180 calamitates
504 2143 798 2188 sustinuissent3
823 2143 891 2179 sic-

112 2196 153 2229 ut
182 2202 328 2236 ornnes,
356 2191 417 2238 qui
445 2191 483 2226 in
515 2190 704 2228 Christum
725 2191 891 2228 credide-

111 2242 215 2283 runt,
237 2242 327 2275 tunc
344 2242 555 2275 evaserunt.

147 2283 180 2331 ’4
204 2288 346 2323 Civims
366 2288 574 2323 ι1131111511111111
593 2299 630 2323 IN
652 2298 762 2323 ansu
780 2297 888 2322 ALLE-

112 2345 240 2370 GORICO
259 2347 301 2371 ET
321 2346 467 2370 nonam.
497 2356 536 2361 m
566 2336 779 2371 Secundum
801 2344 889 2369 sen-

112 2392 196 2419 sum
217 2381 478 2428 allegoricum,
500 2381 631 2418 civitas
651 2383 731 2418 haec
750 2384 807 2418 est
828 2382 892 2433 Ec-

114 2428 245 2474 clesia,
267 2440 349 2476 quae
386 2432 557 2476 tempore
585 2428 820 2473 Antichristi,
840 2439 892 2464 Sic

115 2476 394 2523 angustiabitur
420 2480 457 2513 et
491 2480 769 2523 prosternetur,
793 2475 892 2522 quod

115 2523 223 2570 pauci
244 2525 437 2561 audebunt
457 2535 496 2560 se
521 2524 756 2560 'Christianos
774 2523 891 2559 confi-

116 2571 200 2607 teri.
218 2571 337 2614 Quam
354 2572 557 2608 Ecclesiam
568 2572 738 2608 Christus
750 2570 890 2611 visitat,

118 2619 429 2665 quandocumque
455 2620 502 2655 ad
534 2620 672 2655 bonum
697 2629 779 2655 eam
800 2618 893 2653 exci-

117 2668 186 2711 tat,
221 2666 286 2701 scd
319 2666 485 2702 Ecclesia
519 2677 586 2713 pro
615 2666 749 2712 majori
788 2667 893 2711 parte

118 2724 196 2749 non
217 2713 408 2759 cognoscit
423 2714 494 2750 hoc
512 2725 597 2750 cum
622 2714 757 2750 effectu
775 2724 783 2756 3
804 2723 893 2758 pro-

118 2763 203 2808 pter
221 2760 321 2807 quod
350 2760 568 2798 Antichristi
600 2759 810 2809 persecutio
836 2770 894 2796 su-

966 212 1033 248 per
1056 212 1139 239 eam
1157 202 1274 247 venit,
1294 204 1342 240 ad
1378 207 1645 252 purgationem
1669 208 1749 246 ele-

967 252 1127 294 ctorum,
1168 253 1205 286 et
1243 251 1526 291 damnationem
1562 257 1748 303 reprobo-

966 308 1064 333 rum.
1091 297 1305 334 Secundum
1332 310 1421 336 vero
1448 312 1599 339 sensum
1628 315 1750 341 mora-

967 345 1055 389 lem,
1074 344 1146 381 ista
1164 344 1295 382 civitas
1314 347 1510 385 estanima
1524 351 1749 397 peccatoris,

968 403 1081 438 super
1097 403 1210 439 quam
1237 394 1302 429 flet
1328 394 1498 431 Christus
1526 398 1615 433 ssetu
1640 408 1750 434 com-

970 438 1168 485 passionis.
1181 440 1217 477 Si
1235 452 1324 477 vero
1345 442 1603 480 consideraret
1623 445 1751 482 anima

969 490 1108 524 statum
1144 498 1221 524 suae
1258 488 1392 535 culpae,
1413 494 1450 525 et
1472 501 1584 536 quem
1609 494 1751 529 statum

968 545 1166 581 poenarum
1208 535 1247 571 in
1277 536 1402 572 futuro
1439 541 1641 584 exspectet,
1669 538 1752 585 ipsa

970 593 1055 618 cum
1088 581 1238 619 Christo
1268 583 1511 630 semetipsam
1536 586 1747 631 plangeret.

971 630 1043 666 Sed
1075 630 1219 676 peccati
1242 630 1442 668 delectatio
1478 632 1577 668 tollit
1616 634 1750 670 mortis

969 677 1179 723 repentinae
1203 677 1561 724 considerationem,
1587 679 1750 717 districti

965 724 1097 771 judicii
1118 724 1309 769 timorem,
1332 729 1370 762 et
1393 737 1593 773 poenarum
1613 728 1752 764 inferni

969 771 1208 808 anxietatem.
1239 774 1327 816 Quae
1353 775 1512 811 vallatur
1544 774 1584 811 in
1613 778 1751 820 morte,

970 823 1006 854 et
1047 819 1328 865 angustiabitur
1357 832 1380 858 a
1411 821 1604 868 spiritibus
1640 822 1751 859 mali-

969 866 1065 912 gnis,
1080 870 1120 902 ut
1134 867 1318 903 evadendi
1332 868 1475 905 aditum
1488 868 1659 906 invenire
1675 881 1753 909 non

968 913 1114 961 possit;
1155 918 1192 950 et
1221 915 1305 959 eJus
1341 915 1410 951 filii
1442 920 1750 963 prosternentur,

969 962 1006 997 id
1026 966 1082 997 est
1105 961 1354 1008 cogitationes
1388 963 1525 1009 quibus
1545 965 1750 1011 promitte-

970 1010 1060 1045 bant
1081 1009 1151 1045 sibi
1174 1009 1326 1056 longam
1348 1011 1477 1057 vitam,
1497 1012 1676 1058 honores,
1699 1011 1751 1048 di-

968 1056 1093 1101 vitias,
1112 1059 1148 1092 et
1163 1057 1425 1103 hujuscemodi
1444 1059 1672 1095 frustrantur
1688 1070 1696 1103 ;
1714 1062 1751 1096 et

969 1115 1047 1139 non
1088 1103 1324 1150 relinquetur
1352 1105 1391 1141 in
1427 1116 1471 1142 ea
1502 1106 1598 1152 lapis
1636 1116 1750 1153 super

968 1151 1147 1197 lapidem,
1171 1151 1259 1197 quia
1285 1151 1408 1188 omnis
1439 1154 1485 1189 ab
1513 1154 1578 1190 illa
1604 1157 1748 1200 cogita-

968 1200 1115 1234 tionum
1142 1209 1295 1235 suarum
1326 1200 1557 1237 constructio
1588 1200 1748 1247 dissipa-

966 1245 1082 1290 bitur,
1105 1257 1148 1282 eo
1178 1247 1278 1292 quod
1302 1257 1377 1283 non
1400 1247 1576 1293 cognovit
1600 1252 1750 1295 tempus

968 1292 1194 1329 visitationis
1223 1305 1314 1338 suae,
1335 1305 1420 1330 cum
1450 1295 1629 1331 Dominus
1665 1305 1750 1332 eam

967 1340 1144 1376 invitaret
1165 1341 1213 1377 ad
1229 1341 1536 1379 emendationem
1550 1342 1651 1379 vitae.
1671 1344 1750 1379 Un-

968 1388 1028 1432 de,
1047 1388 1254 1424 secundum
1274 1389 1501 1433 Gregorium,
1524 1390 1627 1436 quod
1645 1391 1752 1436 juxta

967 1434 1163 1470 historiam
1193 1435 1376 1472 Dominus
1411 1437 1527 1472 semel
1554 1437 1644 1484 egit,
1672 1437 1745 1473 hoc

968 1481 1136 1527 quotidie
1161 1493 1230 1528 per
1250 1482 1389 1519 electos
1411 1494 1498 1519 suos
1522 1485 1560 1519 in
1578 1484 1746 1521 Ecclesia

966 1529 1044 1575 agit
1064 1540 1072 1564 ε
1096 1529 1241 1576 plangit
1262 1529 1364 1565 enim
1390 1531 1573 1577 reprobos
1593 1532 1657 1578 qui
1678 1542 1744 1567 ne-

968 1576 1090 1612 sciunt
1113 1587 1179 1612 cur
1206 1576 1450 1623 plangantur,
1468 1578 1533 1614 sed
1564 1577 1605 1614 in
1635 1578 1746 1615 malis

968 1624 1157 1660 exsultant
1177 1626 1213 1660 et
1235 1624 1432 1669 laetantur;
1456 1625 1519 1672 qui
1541 1625 1571 1661 si
1588 1626 1746 1663 damna-

966 1671 1109 1707 tionem
1129 1682 1252 1716 suam,
1269 1683 1354 1718 quae
1374 1672 1428 1708 eis
1447 1672 1633 1719 imminet,
1655 1684 1749 1719 prae·

967 1718 1153 1763 viderent,
1184 1719 1408 1766 semetipsos
1451 1731 1535 1756 cum
1570 1720 1747 1767 lacrymis

967 1766 1174 1802 electorum
1188 1767 1427 1813 plangerent,
1449 1767 1513 1813 qui
1536 1769 1573 1803 in
1591 1778 1745 1814 perver-

968 1813 1077 1849 sitate
1104 1823 1172 1849 sua
1191 1815 1288 1849 diem
1310 1825 1414 1849 suam
1436 1816 1494 1850 hic
1514 1816 1647 1851 habent
1666 1826 1747 1851 cum

965 1871 1067 1906 pace,
1107 1861 1195 1906 quia
1235 1860 1454 1897 transitorio
1494 1862 1662 1907 gaudent
1705 1862 1746 1898 in

967 1910 1152 1954 tempore,
1168 1910 1204 1943 et
1223 1908 1327 1943 nulla
1345 1912 1516 1945 venturae
1529 1919 1652 1955 poenae
1673 1911 1747 1945 ter-

968 1958 1101 1991 rentur
1135 1954 1352 1991 formidine.
1391 1956 1580 2002 Supplicia
1618 1959 1747 1992 autem

970 2001 1180 2048 sequentia,
1196 2013 1298 2039 nunc
1314 2002 1362 2038 ad
1377 2004 1505 2039 oculos
1517 2014 1648 2040 eorum
1660 2005 1746 2040 abs-

968 2049 1119 2085 condita
1152 2053 1252 2094 sunt,
1281 2050 1460 2095 quoniam
1484 2051 1636 2095 futura3
1664 2061 1748 2097 quae

968 2097 1216 2142 temporalem
1225 2096 1393 2133 laetitiam
1403 2099 1641 2144 perturbant,
1656 2109 1750 2144 prae-

968 2144 1097 2180 videre
1119 2144 1325 2191 refugiunt.
1348 2145 1468 2188 Unde,
1490 2149 1528 2182 et
1546 2145 1577 2195 si
1599 2156 1672 2192 qua
1692 2148 1750 2182 est

967 2191 1166 2238 praesentis
1202 2193 1397 2238 temporis,
1430 2192 1483 2229 ita
1517 2196 1574 2229 est
1602 2193 1750 2239 agenda

969 2238 1113 2283 laetitia,
1131 2243 1172 2275 ut
1204 2250 1412 2286 numquam
1448 2240 1661 2277 amaritudo
1685 2251 1752 2277 53-

970 2286 1120 2332 quentis
1148 2286 1282 2333 judicii
1310 2287 1462 2324 recedat
1496 2298 1517 2324 a
1549 2287 1748 2324 memorIa.

969 2333 1132 2370 Venient
1162 2337 1290 2371 autem
1317 2334 1412 2380 dies,
1436 2335 1588 2381 quando
1618 2335 1666 2371 ad
1689 2335 1748 2370 ul-

969 2380 1112 2417 tionem
1139 2383 1176 2417 et
1212 2381 1397 2428 supplicia
1427 2382 1627 2427 ducentur,
1659 2381 1751 2428 quia

970 2439 1048 2464 non
1071 2432 1327 2475 cognoverunt
1348 2432 1499 2476 tempus
1524 2429 1752 2466 visitationis

971 2487 1062 2514 suae.
1085 2477 1308 2513 Perversam
1330 2476 1432 2513 enim
1459 2475 1627 2513 animam
1651 2477 1751 2513 Deus

971 2523 1097 2559 visitat
1123 2524 1290 2570 quotidie
1321 2527 1522 2570 praecepto,
1546 2523 1750 2570 aliquando

972 2571 1137 2617 flagello,
1159 2570 1361 2618 aliquando
1377 2582 1466 2608 vero
1482 2570 1664 2607 miraculo
1685 2582 1694 2615 3
1710 2572 1754 2607 ut

972 2623 1009 2654 et
1025 2629 1114 2655 vera
1132 2629 1214 2665 quae
1237 2618 1443 2663 nesciebat,
1465 2618 1607 2660 audiat,
1631 2621 1669 2654 et
1685 2621 1751 2653 aut

973 2665 1104 2702 dolore
1125 2670 1352 2712 compuncta
1373 2666 1520 2711 redeat,
1543 2669 1607 2702 aut
1623 2666 1748 2718 ‚bene-

973 2712 1070 2749 ficiis
1092 2713 1252 2759 devicta,
1272 2714 1413 2750 malum
1435 2713 1536 2760 quod
1562 2713 1650 2748 fecit
1672 2722 1753 2747 eru-

973 2760 1116 2798 bescat.
1136 2762 1224 2807 Sed,
1243 2761 1332 2809 quia
1353 2760 1575 2809 superbiens
1589 2761 1753 2797 contem-
