1907 3139
417 157 470 191 DE
508 157 650 190 DECEM
688 157 903 193 LEPROSIS
939 160 964 193 A
1002 157 1174 192 DOMINO
1214 161 1416 195 nuituis.
1693 166 1745 197 1*le

117 229 287 273 titudine,
305 226 483 274 quoniam
501 226 626 262 debito
647 229 812 272 tempore
828 227 894 264 im-

116 277 294 320 minente,
315 279 448 321 sponte
464 273 588 316 rediit,
610 277 647 309 ut
664 285 703 310 sc
725 275 891 310 Passioni

115 324 282 366 offerret,
299 325 334 357 et
358 323 392 356 in
417 321 450 356 in
472 321 645 357 manibus
668 332 893 367 persequen-

115 370 205 406 tium
227 370 406 404 traderet.
426 368 484 404 Sic
498 367 590 404 alias
609 368 677 403 suit
694 379 783 404 usus
801 373 893 405 tein-

113 418 295 463 perantia,
317 426 399 451 cum
419 416 514 460 sugit
528 417 709 451 honorem
728 417 889 461 quando

114 464 232 499 turbae
252 463 450 498 voluerunt
471 474 556 498 eum
585 463 721 503 facere,
740 474 890 509 regem3

112 515 148 546 et
175 522 194 547 e
219 511 410 546 contrario
436 510 505 545 suit
525 521 613 546 usus
630 510 888 555 justitia,cnni

111 557 227 594 voluit
239 561 432 603 tamquam
446 568 509 592 rex
527 556 721 601 honorari,
739 560 890 603 quando

110 605 269 650 populus
291 615 375 640 cum
394 605 506 640 ramis
535 605 713 640 arborum
726 608 892 641 occurrit

109 651 233 688 oidvm
257 665 264 695 3
283 652 372 687 satis
385 655 510 687 tamen
529 652 699 687 modeste
716 653 892 688 cumdem

109 700 291 735 honorem
308 698 436 742 voluit,
456 703 492 734 et
511 699 592 734 idco
615 700 756 744 pullum
775 700 890 736 asinae

108 746 289 782 ascendit.
312 746 395 781 Istis
417 746 529 789 igitur
550 750 710 792 quatuor
744 746 889 782 virtuti-

108 794 174 829 bus
198 805 284 829 usus
306 798 363 829 est
389 793 567 829 Dominus
589 795 784 837 virtutum,
807 805 890 839 pro-

109 844 189 886 pter
213 847 380 876 nostram
418 841 718 880 instructionem,
756 841 889 886 quibus

108 899 242 924 omnes
258 889 340 923 alim
369 887 524 923 virtutes
548 887 709 922 morales
729 888 888 923 descen-

107 935 201 970 dunt
219 938 255 970 et
272 934 504 977 derivantur,
525 937 676 980 propter
690 935 789 979 quod
811 947 888 971 car-

105 982 265 1025 dinales,
283 992 325 1017 ac
348 981 572 1027 lirin:·ipales
595 992 675 1017 esse
698 981 885 1019 dicuntur.

105 1030 184 1065 Non
201 1040 289 1075 ergo
306 1028 549 1064 aestimandus
565 1032 617 1063 cst
634 1029 745 1064 fuisse
761 1029 887 1065 incon-

105 1079 208 1112 stans
222 1077 276 1111 vel
292 1075 428 1119 varius3
443 1075 536 1111 sicut
549 1075 764 1120 necaliquis
776 1077 886 1121 alius,

104 1123 166 1169 qui
183 1125 389 1159 secundum
403 1123 568 1158 diversos
582 1134 702 1167 casus,
718 1123 754 1158 in
768 1124 887 1160 diver-

103 1172 151 1206 sis
174 1182 213 1206 se
235 1175 382 1206 exercet
402 1170 618 1206 virtutibus.

153 1232 169 1253 2
200 1218 381 1254 OCCURSUS
420 1230 460 1252 ET
484 1230 663 1253 MUNnATlo
686 1230 799 1254 DECEM
827 1231 885 1255 LE-

106 1277 303 1300 rnosonm.
326 1284 369 1290 —
387 1267 434 1300 Et
452 1266 592 1308 faciam
616 1269 682 1309 est,
702 1267 788 1301 dam
814 1268 885 1302 Pa-

104 1313 195 1348 scha
223 1313 480 1347 celebraturus
504 1315 573 1347 iret
607 1315 644 1347 in
667 1315 881 1356 Jerusalem,

105 1360 287 1394 transibat
319 1370 385 1405 per
421 1360 579 1394 mediam
622 1361 829 1396 Samariam
851 1366 883 1396 ct

104 1408 308 1442 Galilaeam.
333 1406 503 1442 Samaria
539 1409 620 1441 erat
656 1411 757 1443 terra
784 1409 881 1443 Gen-

107 1453 211 1496 tium,
251 1454 404 1489 Galilaea
437 1453 686 1497 J11dae0run1;
730 1458 765 1490 et
797 1455 880 1491 ideo

103 1500 270 1537 Christus
282 1501 421 1536 vadens
439 1501 483 1536 ad
503 1499 736 1545 Passionem,
756 1505 877 1537 trans-

104 1547 145 1583 iit
170 1559 237 1594 per
280 1548 417 1583 Gentes
444 1551 479 1583 et
509 1548 672 1592 Jndaeos,
701 1550 794 1584 dans
822 1549 878 1585 in—

104 1595 270 1642 telligere
297 1595 399 1640 quod
426 1595 568 1630 fructus
591 1606 667 1631 suae
692 1596 879 1631 Passmnis

104 1643 139 1678 in
164 1653 294 1678 omnes
316 1646 395 1678 erat
433 1642 604 1685 futurus;
635 1646 745 1688 atque
783 1644 878 1679 fides

103 1689 263 1725 nominis
283 1690 362 1735 ejus
387 1692 467 1734 post
490 1693 648 1725 mortem
671 1693 708 1725 et
726 1691 877 1726 Judaeos

101 1742 137 1773 et
151 1736 315 1772 Gentiles
330 1747 446 1772 unum
461 1737 621 1772 debebat
640 1737 789 1772 efficere
810 1749 876 1783 po-

101 1786 241 1830 pu'um.
268 1783 450 1827 Quoniam
475 1794 564 1829 ergo
589 1787 670 1819 erat
690 1784 877 1820 discordia

104 1835 202 1866 inter
233 1830 383 1867 Judaeos
422 1833 457 1866 et
496 1829 767 1873 Samaritanus,
797 1831 876 1877 ipse

103 1879 199 1913 inter
226 1884 404 1923 utrosque
415 1880 451 1912 et
472 1888 539 1923 per
555 1877 720 1913 medium
741 1881 878 1914 utrius-

102 1936 175 1971 que
204 1927 314 1961 terrae
341 1925 502 1967 transiit,
525 1928 567 1960 ut
585 1931 775 1970 tamquam
795 1936 875 1961 me-

103 1972 224 2008 diator
242 1983 303 2008 eos
325 1972 555 2018 pacificaret,
580 1971 643 2017 qui
659 1972 706 2007 ad
727 1972 875 2008 salvan-

103 2020 169 2055 dos
198 2019 363 2055 Gentiles
387 2022 422 2054 et
444 2020 594 2055 Judaeos
621 2022 787 2055 venerat.
816 2022 875 2063 Ec,

102 2078 181 2102 cam
194 2067 445 2110 inqrederetur
466 2067 652 2111 quoddam
673 2068 873 2105 castellum,

104 2113 140 2149 in
166 2113 336 2149 terminis
364 2115 558 2157 Samariae,
590 2118 822 2149 occurrerant
845 2116 878 2148 ei

102 2162 220 2196 decem
240 2162 313 2196 viri
331 2162 476 2206 leprosi,
500 2160 588 2207 quia
610 2160 808 2196 audierant
828 2162 879 2196 sa-

103 2218 203 2244 mam
229 2208 276 2244 de
304 2207 540 2244 mirabilibus
565 2207 716 2244 Christi.
745 2210 785 2243 In
818 2208 876 2243 in-

102 2266 233 2301 gressu
256 2254 369 2298 urbis,
395 2258 431 2290 et
468 2258 593 2291 tamen
620 2258 707 2291 ante
735 2254 878 2297 ingres-

102 2313 188 2338 sum
212 2305 457 2338 occurrerunt
479 2302 526 2347 ei,
563 2303 650 2348 quia
676 2303 751 2338 ritu
772 2303 878 2348 Legis

104 2349 287 2394 Mosaicae,
314 2349 421 2395 quasi
460 2349 644 2385 immundi
679 2353 801 2393 erant,
831 2350 877 2385 ab

105 2395 260 2432 urbibus
281 2399 316 2432 et
333 2396 480 2442 oppidis
509 2396 665 2441 exclusi,
686 2407 755 2432 nec
770 2399 877 2442 pote-

108 2447 191 2478 rant
224 2454 308 2479 cum
328 2444 412 2479 aliis
448 2444 686 2480 commorari.
715 2444 878 2479 Conver-

106 2491 287 2526 sabantur
317 2494 443 2526 autem
485 2491 532 2526 ad
572 2490 746 2535 invicem,
786 2492 873 2536 quia

106 2536 353 2573 communitas
393 2537 578 2583 passionis
623 2539 761 2573 fecerat
814 2548 878 2572 eos

106 2584 314 2627 unanimes,
344 2588 379 2620 et
415 2586 731 2630 praestolabantur
768 2584 878 2619 simul

105 2630 306 2666 transitum
322 2633 410 2667 Jesu
433 2631 595 2677 solliciti,
618 2633 737 2668 donec
758 2631 878 2667 adve-

106 2677 274 2713 nIentem
299 2688 386 2713 eum
402 2678 584 2715 viderent.
614 2680 683 2722 Qui
704 2682 878 2714 steterunt

105 2736 126 2760 a
148 2725 264 2769 lonye,
282 2727 363 2760 ium
384 2730 539 2772 propter
549 2726 684 2762 Christi
701 2736 876 2761 reveren-

106 2771 212 2815 tiam,
244 2774 323 2807 tum
358 2773 447 2819 quia
473 2784 550 2809 non
587 2774 774 2810 debebant
812 2783 876 2820 ap-

237 2834 320 2865 N‘rrx
343 2834 425 2868 „les-t·
443 2837 714 2873 Cunis'ri,'rom¹s
738 2836 799 2866 ill.

972 227 1226 274 propinquare
1254 230 1486 275 bominibus,
1510 244 1554 268 ne
1577 245 1640 269 cos
1664 235 1747 270 inss-

971 278 1123 319 cerent3
1147 286 1190 310 eo
1228 278 1324 321 quod
1349 278 1419 313 Lex
1447 280 1663 317 Judazornm
1697 284 1748 318 le-

970 333 1077 368 pram
1100 323 1331 359 immundum
1360 328 1395 360 et
1423 336 1495 361 non
1520 330 1746 370 tangendam

966 370 1124 415 judicat,
1155 370 1211 405 lex
1243 382 1331 406 vero
1369 373 1749 420 Evangeliraleprain

970 428 1044 452 non
1079 421 1289 459 externam,
1330 419 1395 454 sed
1430 419 1631 464 internam,
1670 434 1749 459 esse

969 464 1202 500 immundam
1242 466 1419 502 affirmat.
1458 468 1515 510 Et,
1543 470 1747 505 secundum

971 513 1258 556 Theophilum,a
1281 513 1391 559 longe
1417 516 1530 558 stant,
1551 516 1655 560 quasi
1688 528 1747 551 re-

968 559 1218 595 recundantes
1253 559 1299 595 de
1339 560 1592 606 immunditia,
1642 566 1749 607 puta-

968 606 1058 641 bant
1078 608 1180 641 enim
1209 607 1308 651 quod
1329 607 1500 644 Christus
1521 620 1586 645 eos
1621 620 1752 654 quem-

969 653 1171 688 admodum
1191 654 1252 689 alii
1275 654 1475 692 fastidiret.
1498 656 1557 692 Sic
1579 667 1669 702 ergo
1690 658 1751 693 al)-

968 699 1146 736 stiterunt
1172 700 1268 745 loco,
1289 702 1353 737 sed
1374 702 1460 737 facti
1488 707 1574 739 sunt
1592 704 1749 750 proximi

967 747 1224 792 deprecando,
1244 748 1425 794 scriptum
1440 754 1496 785 est
1511 751 1750 797 enim1P1·ope

967 797 1017 828 est
1030 797 1204 830 Dominus
1215 797 1379 831 omnibus
1390 799 1643 833 invocantibus
1656 809 1747 840 eum,

967 843 1006 875 in
1023 844 1187 878 veritate.
1209 843 1455 888 Subjungitur
1472 849 1596 881 autem
1615 858 1622 880 z
1640 848 1686 881 Et
1700 847 1748 881 le-

966 893 1143 923 vaverunt
1161 900 1278 924 vocem
1300 901 1404 926 suam
1425 902 1467 927 ex
1491 892 1749 938 magnitudine

968 935 1194 980 affectionis,
1219 940 1254 972 ct
1277 948 1413 984 magno
1438 939 1626 975 desiderio
1647 940 1748 976 sani-

965 984 1065 1026 tatis,
1088 988 1123 1017 ct
1146 985 1414 1027 clamaverunt,
1439 986 1597 1022 dicentes
1620 999 1626 1022 :
1665 989 1747 1023 Jesu

966 1034 1176 1075 praeceptor,
1200 1033 1368 1067 miserere
1386 1035 1517 1078 nostri,
1558 1033 1647 1080 quia
1667 1035 1746 1070 solo

965 1081 1154 1123 praecepto
1178 1081 1214 1113 et
1235 1080 1350 1115 verbo
1371 1084 1478 1125 potes
1501 1092 1567 1116 nos
1599 1092 1745 1118 curare.

965 1124 1001 1160 Si
1022 1126 1145 1168 Jesns,
1169 1136 1258 1170 ergo
1302 1127 1408 1171 vult3
1450 1127 1479 1162 si
1522 1132 1746 1174 praereptor,

963 1182 1053 1215 ergo
1082 1175 1230 1217 potest;
1256 1172 1285 1207 si
1315 1173 1614 1210 misericordiam
1638 1175 1745 1211 invo-

964 1222 1062 1257 cant.
1086 1230 1176 1264 ergo
1203 1230 1242 1255 se
1268 1220 1424 1256 miseros
1457 1225 1492 1257 et
1531 1221 1747 1266 indigentes

963 1266 1178 1301 ostendunt.
1205 1268 1247 1301 Et
1273 1267 1324 1302 sic
1361 1268 1492 1313 petitio
1514 1269 1583 1303 suit
1605 1269 1742 1315 digna:

961 1316 997 1348 et
1022 1324 1064 1348 ex
1091 1317 1200 1358 parte
1238 1314 1462 1359 petentium,
1505 1317 1592 1362 qnia
1630 1318 1743 1353 mise-

960 1360 1068 1395 randi
1087 1371 1094 1403 ;
1121 1364 1157 1395 et
1177 1372 1219 1396 ex
1243 1365 1349 1406 parte
1373 1363 1468 1407 ejus,
1489 1374 1511 1398 a
1540 1374 1612 1409 quo
1634 1367 1741 1408 pete-

958 1407 1082 1451 batur,
1111 1407 1200 1452 quia
1220 1409 1330 1443 Jesns
1365 1410 1509 1452 volens,
1534 1415 1571 1445 et
1599 1421 1742 1456 praece-

959 1457 1042 1498 ptor
1060 1459 1206 1499 potens.
1225 1455 1435 1491 Secundum
1453 1459 1587 1500 Titum,
1606 1457 1749 1493 dicunt

958 1511 1096 1536 nomen
1135 1503 1245 1543 Jcsu,
1278 1507 1315 1538 et
1355 1502 1594 1539 lucrifaciunt
1642 1516 1735 1541 rem.

955 1549 1065 1584 Jesns
1092 1559 1225 1594 nempe
1257 1549 1528 1595 interpretatur
1554 1553 1739 1597 Salvator,

956 1596 1053 1631 unde
1068 1596 1236 1641 seqnitur
1260 1598 1376 1639 :Quos
1397 1601 1437 1633 ut
1457 1599 1552 1634 vidit
1566 1598 1741 1645 benigni-

955 1642 1042 1678 tatis
1062 1647 1099 1677 et
1123 1643 1394 1689 compassionis
1417 1647 1453 1679 et.
1475 1645 1741 1682 misericordiae

954 1689 1084 1734 oculis,
1107 1690 1227 1726 dimi.-
1252 1693 1317 1735 Ite,
1342 1692 1518 1728 ostendite
1538 1704 1600 1728 vos
1623 1704 1741 1729 saecr-

954 1738 1112 1772 dotibzcs.
1132 1738 1203 1772 Lex
1227 1738 1325 1773 enim
1342 1739 1534 1784 praecepit,
1552 1743 1590 1775 ut
1612 1751 1741 1777 emun-

954 1784 1030 1819 dati
1048 1795 1070 1819 a
1088 1785 1191 1829 lepra
1226 1785 1484 1822 sacerdotibus
1514 1797 1552 1822 se
1567 1798 1741 1833 praesen-

955 1834 1091 1875 tarent,
1118 1842 1194 1866 non
1224 1835 1262 1867 ut
1301 1836 1515 1868 sacerdotes
1549 1845 1610 1869 eos
1628 1846 1739 1871 mun-

955 1878 1102 1921 darent,
1126 1878 1191 1913 sed
1208 1881 1247 1913 ut
1267 1889 1329 1914 eos
1351 1880 1511 1916 mundos
1532 1892 1611 1916 esse
1637 1882 1739 1927 judi-

955 1928 1098 1965 carent,
1122 1930 1158 1960 et
1178 1929 1219 1960 ut
1236 1926 1403 1961 mundati
1422 1937 1489 1972 pro
1511 1938 1579 1963 sua
1600 1939 1733 1965 emun—

956 1971 1107 2007 datione
1121 1971 1346 2008 sacrisscium
1356 1972 1393 2008 in
1406 1974 1501 2019 Lege
1514 1975 1738 2012 determina-

954 2024 1033 2054 tum
1043 2019 1235 2054 offerrent.
1250 2022 1443 2063 Etfactam
1455 2024 1519 2061 est,
1531 2022 1616 2057 dum
1626 2025 1734 2067 irent,

956 2069 994 2101 ut
1029 2066 1288 2102 sacerdotibus
1325 2078 1362 2102 se
1413 2068 1732 2115 demonstrarent,

954 2114 1124 2148 mundati
1148 2117 1234 2149 sunt
1260 2124 1303 2149 ex
1329 2114 1404 2150 fide
1442 2118 1477 2150 et
1515 2115 1733 2153 obedientia

955 2160 1000 2196 ad
1019 2159 1218 2203 Christum,
1252 2160 1445 2197 meritorie
1478 2162 1524 2197 de
1548 2173 1729 2209 congruo.

955 2207 1021 2242 sed
1042 2207 1170 2243 divina
1196 2207 1331 2244 virtute
1354 2208 1537 2245 effective.
1565 2210 1731 2253 Quatuor

955 2265 998 2290 ex
1019 2256 1141 2290 causis
1159 2255 1325 2291 mundati
1343 2259 1443 2300 sunt,
1464 2260 1666 2302 antequam
1684 2259 1732 2294 ad

955 2302 1168 2338 sacerdotes
1188 2301 1431 2348 pervenirent
1451 2315 1459 2338 :
1484 2303 1620 2349 primo,
1645 2306 1732 2351 quia

955 2348 1127 2385 Christus
1152 2353 1309 2385 noverat
1347 2351 1586 2386 sacerdotum
1608 2363 1738 2397 super-

954 2395 1070 2440 biam,
1093 2396 1405 2443 contempsissent
1426 2397 1526 2433 enim
1553 2409 1616 2434 eos
1637 2400 1738 2446 aspi-

955 2454 1053 2484 cere,
1076 2454 1122 2479 ne
1149 2455 1238 2489 ergo
1261 2444 1619 2490 scandalizarentur,
1642 2457 1736 2492 pree—

956 2490 1058 2526 venit
1079 2501 1142 2526 eos
1167 2501 1302 2526 sanare
1327 2502 1335 2534 ;
1375 2492 1553 2531 secundo,
1595 2494 1737 2529 bonum

956 2537 1180 2573 obedientiae
1198 2549 1328 2573 eorum
1341 2539 1411 2574 boc
1428 2539 1566 2574 meruit
1579 2552 1585 2582 ς
1606 2540 1737 2579 tertio,

955 2585 1025 2620 hoc
1043 2585 1180 2621 meruit
1200 2589 1236 2620 et
1257 2596 1388 2621 eorum
1406 2586 1500 2621 fides
1521 2586 1736 2633 servidaque

955 2631 1187 2677 deprecatio;
1220 2635 1368 2678 quarto,
1404 2632 1523 2668 voluit
1557 2634 1736 2669 Dominus

955 2679 1153 2715 ostendere
1169 2680 1268 2725 quod
1286 2690 1360 2715 non
1378 2681 1515 2716 virtute
1535 2680 1638 2725 Legis
1656 2682 1735 2716 Mo-

956 2725 1066 2762 saicae
1089 2756 1098 2770 ,
1136 2730 1201 2762 aut
1243 2727 1479 2763 sacerdotum
1518 2728 1734 2763 Judaeorum

956 2778 1063 2810 erant
1076 2773 1259 2818 mundati,
1279 2774 1345 2810 sed
1364 2774 1430 2810 Dei
1447 2773 1620 2820 imperio,

1631 2842 1645 2867 ¹.)
