1907 3139
342 158 392 192 nt}
430 156 682 191 MALEDIGTA
722 157 953 200 FIGULNEA,
994 159 1137 194 uttANo
1179 159 1420 202 itlttllttiNTh
1464 163 1555 197 n'ru.
1702 165 1760 198 *207

185 247 203 278 7
229 232 304 267 Vox
320 231 450 266 l‘ATnis
469 238 605 263 AETnnNt
627 228 806 264 Cnmsrnu
828 240 914 264 eLo-

136 289 346 315 inmaturis.
373 296 420 302 —-
439 276 532 311 Nam
564 275 693 310 statim
720 275 824 311 venit
846 288 914 311 vox

140 327 186 362 de
213 325 307 361 coelo
327 334 396 370 pro
423 322 709 365 consolatione;
732 324 833 358 unde
855 335 915 359 se-

138 374 285 419 quitur:
303 372 409 409 Venit
422 380 503 413 erqo
518 380 589 405 vote
607 370 650 404 do
666 371 762 408 callo.
775 370 918 406 scilicet

137 430 160 457 a
176 421 251 455 Deo
273 420 396 461 Patre,
418 418 543 453 dicens
562 432 569 453 :
588 419 633 452 Ec
648 418 863 462 clarificavi,
884 422 916 453 et

136 469 268 502 iterum
283 465 503 510 clarificabo.
516 463 554 499 id
571 468 627 499 est
642 464 786 500 clarum
804 465 915 510 genui

137 514 184 550 ab
204 517 346 549 aeterno
368 512 577 548 secundum
605 511 854 552 divinitatem,
879 516 917 548 ct

136 561 279 597 clarum
301 561 415 596 etiam
446 558 593 602 faciam,
618 559 821 595 secundum
847 560 916 595 hn-

136 608 372 644 manitatem.
395 606 472 650 Vel,
496 607 701 642 secundum
722 607 917 642 hominem

137 657 341 700 clarificavi
362 654 400 690 in
422 652 634 692 Nativitate.
662 654 813 699 quando
836 655 918 689 An-

77 743 79 745 ,
137 703 211 749 geli
231 701 447 738 cecinerunt
459 712 467 736 ε
479 701 604 737 Gloria
621 703 659 736 z'n
671 703 822 736 eoececsis
832 704 917 746 Deo,

136 754 173 786 et
194 749 289 795 Magi
307 750 579 791 a‹loraverunt;
603 748 803 784 clarificavi
826 749 918 784 etin

136 798 344 843 Baptismo,
370 799 407 832 et
432 795 471 830 in
495 795 855 841 Transfiguratione,
881 799 918 831 et

136 843 176 880 in
192 842 382 880 miraculIS
400 844 437 878 in
455 842 530 878 vita
548 853 613 888 per
627 853 713 878 enm
730 843 862 886 factis;
885 846 918 878 ec

136 893 269 927 iterum
297 890 520 928 clarificabo.
551 900 618 935 per
649 889 758 934 signa
797 890 916 925 deita-

138 938 199 984 tis,
226 938 265 973 in
288 937 483 980 Passione,
508 936 546 972 in
574 947 645 982 qua
666 937 917 981 triumphabit

138 987 183 1021 de
211 985 376 1030 diabolo,
405 988 441 1020 et
475 984 515 1019 in
543 984 847 1029 Resurrectione,
880 988 917 1020 et

137 1032 174 1068 in
186 1032 426 1075 Ascensione,
443 1034 479 1067 et
495 1030 533 1066 in
549 1031 663 1067 totins
679 1031 807 1067 mundi
827 1043 914 1067 con-

138 1079 375 1124 versione,et
391 1078 550 1114 maxime
565 1078 603 1113 in
618 1078 773 1123 judicio.
795 1080 916 1115 Tarba

137 1138 233 1171 erqo,
250 1127 287 1162 id
303 1126 525 1172 estquidam
543 1125 662 1169 magis
676 1127 802 1169 rudes,
818 1130 917 1162 stan-

137 1177 194 1210 tes
209 1180 246 1210 et
264 1174 474 1218 audienteS,
494 1184 703 1219 sonumque
718 1174 820 1209 vocis
839 1185 915 1209 non

137 1222 451 1268 significationem
467 1220 734 1266 percipientes,
747 1222 916 1271 dicebant

136 1272 339 1305 tonitruum
352 1279 427 1304 esse
447 1270 602 1312 factam,
627 1267 663 1303 id
679 1272 750 1312 est,
773 1268 915 1314 aliquid

136 1326 205 1362 per
226 1317 377 1352 modum
403 1315 486 1351 soni
513 1314 676 1359 contusi,
697 1321 823 1351 tamen
846 1317 915 1351 hoc

136 1363 312 1400 dicebant
338 1364 478 1399 factum
504 1366 658 1408 propter
686 1362 912 1407 Dominum;

136 1412 206 1447 aliz·
223 1415 363 1454 autem,
383 1409 505 1455 magis
522 1409 757 1455 perspicaces
775 1409 914 1446 articu-

135 1458 317 1494 lationem
337 1457 436 1493 vocis
454 1457 722 1502 intelligentes,
745 1458 915 1493 dicebant

135 1506 236 1552 quod
248 1506 411 1549 Angelus
426 1506 458 1539 ei
469 1505 608 1539 locutas
619 1508 683 1539 esc.
702 1504 915 1540 Credebant

136 1554 239 1589 enim
266 1563 350 1589 enin
373 1562 456 1587 esse
483 1551 678 1587 hominem
698 1561 848 1597 purum,
878 1554 916 1587 et

135 1599 219 1636 ideo
246 1599 422 1636 dicebant
446 1598 631 1644 Angelum
654 1598 687 1634 ei
708 1609 791 1634 esse
812 1598 915 1634 locu-

137 1650 232 1691 tum,
253 1647 349 1683 sicut
369 1645 574 1691 aliquando
589 1646 627 1681 in
647 1645 841 1692 Scriptura
862 1645 917 1681 di-

136 1694 246 1739 citur,
265 1694 366 1740 quod
385 1693 518 1738 Angeli
554 1693 751 1737 Prophetis
786 1693 916 1739 loque-

138 1742 290 1778 bantur.
319 1741 392 1777 Sed
408 1751 478 1775 vox
503 1740 568 1775 illa
589 1740 659 1775 fuit
682 1744 856 1786 paterna,
880 1743 918 1776 et

137 1789 300 1825 formata
314 1799 336 1824 a
348 1790 428 1823 tota
441 1787 635 1831 Trinitate,
646 1797 730 1823 cum
743 1788 820 1832 ejus
832 1798 917 1833 ope-

137 1847 181 1872 ra
195 1836 268 1871 sint
284 1834 737 1878 indivisa;verumtamen
754 1834 822 1869 fuit
838 1845 918 1880 spe-

138 1883 270 1919 cialius
288 1894 356 1918 vox
374 1883 495 1917 Patris
510 1892 593 1927 quae
610 1881 680 1916 fuit
694 1881 854 1917 formata
869 1881 918 1917 ad

138 1929 486 1975 repraesentandum
518 1939 721 1975 personam
747 1929 839 1974 ejuS.
875 1930 919 1964 Et

136 1978 324 2023 responait
344 1979 460 2020 Jesus,
480 1979 513 2011 et
532 1977 635 2011 dimit
648 1987 656 2010 ε
671 1978 919 2028 Non-propter

138 2036 206 2070 me,
238 2024 381 2060 scilicet
406 2023 681 2065 instruendum,
706 2033 770 2067 qui
808 2026 916 2058 testi-

139 2072 268 2108 monio
286 2072 343 2108 vel
362 2070 597 2107 consolatore
618 2070 675 2105 vel
696 2070 919 2106 clarificato-

140 2130 182 2155 re
211 2119 284 2155 alio
317 2130 339 2155 a
359 2129 418 2154 me
438 2128 514 2153 non
534 2118 699 2163 indigeo,
736 2119 807 2152 haec
848 2128 918 2152 voae

141 2167 349 2202 testificans
371 2167 470 2201 venit
488 2166 533 2201 de
554 2168 645 2200 coelo
662 2165 746 2209 3sed
767 2169 921 2209 propter

140 2224 217 2258 vos,
242 2213 279 2250 id
301 2216 354 2249 est
373 2212 412 2248 in
432 2212 718 2248 instructionem
740 2214 916 2263 vestram,

141 2261 205 2307 qui
224 2260 470 2297 instructione
490 2259 668 2305 indigetis
689 2262 725 2294 et
745 2262 918 2294 testimo-

141 2307 218 2352 nio,
241 2307 382 2344 scilicet
406 2311 447 2343 ut
472 2306 648 2350 credatis,
673 2305 760 2351 quia
782 2316 852 2351 ego
873 2316 917 2341 ex

140 2356 218 2391 Deo
241 2366 336 2391 sum.
359 2355 464 2391 Unde
486 2353 651 2390 ostendit
671 2353 768 2388 hanc
786 2363 917 2405 voce-m

140 2402 234 2438 nihil
255 2402 323 2438 sibi
346 2401 531 2438 indicasse
552 2400 651 2447 quod
672 2403 759 2452 ante
776 2410 918 2453 ‘nes-cis-

141 2453 198 2485 set
217 2461 226 2493 ;
249 2450 315 2486 sed
334 2450 597 2495 ignorantibus
619 2448 755 2493 quibus
774 2456 916 2482 indica-

141 2495 174 2531 ri
186 2498 397 2542 oportebat,
414 2500 450 2532 et
468 2495 916 2541 propterinstructlonem

142 2543 269 2589 populi
304 2542 598 2586 circumstantis,
628 2544 670 2577 ut
709 2552 914 2594 cognosce7

142 2593 226 2625 rent
249 2590 373 2636 ipsum
390 2592 517 2627 Jesum
533 2590 914 2640 esse-Christnmucui

143 2637 190 2673 de
210 2638 302 2673 coeto
329 2638 490 2673 dabatur
516 2635 788 2673 testimonium.
813 2636 917 2671 Sicut

143 2695 233 2730 ergo
266 2684 393 2720 anima
427 2685 508 2730 ejus
537 2688 612 2719 hon
631 2686 784 2729 propter
811 2692 911 2726 eum,

143 2732 209 2767 sed
225 2735 377 2778 propter
397 2732 490 2768 alios
523 2730 733 2767 voluntarie
764 2730 915 2766 turbata

145 2782 226 2823 est;
262 2779 315 2815 sic
337 2779 410 2816 ista
439 2790 508 2815 vox
539 2789 613 2815 non
637 2779 791 2824 propter
811 2787 913 2823 eum,

990 230 1054 266 sed
1079 232 1230 276 propter
1248 231 1341 266 alios
1363 232 1487 278 aliqua
1507 233 1758 280 dispensatio-

992 288 1039 313 ne
1069 277 1247 313 divinitns
1269 279 1366 314 sacta
1394 282 1464 315 est.

1039 323 1059 360 8
1079 326 1245 361 JUDICtUM
1266 337 1437 361 rumonus
1452 338 1558 363 nnius
1579 340 1701 365 mcum.
1725 349 1767 356 —-

991 374 1047 416 Et,
1071 371 1161 418 quia
1188 372 1278 408 dixit
1303 384 1391 409 vox:
1413 376 1459 409 Ec
1481 376 1611 409 iterum
1630 378 1769 421 clarifi-

992 421 1093 462 cabo,
1127 423 1403 465 consequenter
1424 421 1581 457 modum
1605 423 1769 458 ostendit

993 466 1289 511 clarificationis,
1312 468 1463 504 dicens:
1484 471 1602 512 Nunc,
1629 470 1770 506 s‹·ihcet

992 514 1029 549 in
1046 515 1115 549 hoc
1135 518 1302 561 tempore
1325 515 1532 559 Passionis,
1547 520 1689 552 rectum
1706 518 1768 561 ju—

993 562 1131 597 dt'cium
1151 566 1217 604 est,
1240 574 1316 598 non
1341 563 1682 607 condemnationis,
1705 565 1771 600 sed

993 608 1244 654 discretionis,
1266 611 1408 655 mandi,
1427 610 1464 645 id
1486 614 1542 646 est
1568 621 1635 657 pro
1659 621 1770 647 mun—

992 656 1040 691 do
1073 660 1205 692 contra
1234 656 1442 701 dlabolum,
1478 658 1549 693 hoc
1581 661 1637 694 est
1673 670 1771 694 nunc

994 714 1059 748 pro
1086 704 1226 739 inundo
1255 715 1277 740 a
1307 706 1496 751 potestate
1523 706 1771 741 tenebrarum

992 750 1188 786 liberando
1207 751 1452 797 judicabitur,
1475 756 1512 788 et
1533 753 1771 799 separabitur

992 798 1152 833 mundus
1173 809 1195 834 a
1215 802 1402 844 potestate
1424 800 1578 842 diaboli,
1601 804 1638 836 et
1657 800 1770 846 eripi-

992 850 1075 880 etur
1096 858 1106 879 :
1128 848 1163 880 et
1179 846 1248 881 hoc
1267 847 1514 893 estjudicium
1533 847 1771 883 discretionis

992 902 1065 937 quo
1077 892 1343 929 discernuntur
1364 900 1400 930 et
1420 898 1643 941 separantur
1661 895 1770 931 multi

990 949 1012 974 a
1033 943 1220 985 potestate
1243 939 1383 977 inimici
1403 953 1410 985 ;
1435 952 1457 977 a
1482 945 1652 987 tempore
1676 953 1769 988 quo-

991 996 1064 1031 que
1099 987 1292 1024 Passionis
1327 989 1464 1025 Christi
1501 989 1653 1025 discreti
1683 993 1769 1026 sunt

992 1034 1343 1080 sideteseredentes,
1358 1037 1404 1072 ab
1416 1036 1614 1072 obstinatis
1635 1040 1769 1074 contra

991 1081 1119 1117 fidem.
1136 1084 1176 1117 ln
1197 1083 1322 1119 futuro
1344 1088 1483 1123 autem,
1505 1083 1770 1129 eritjtidicium

991 1129 1320 1165 condemnationis
1347 1130 1571 1176 infidelium,
1605 1135 1641 1167 et
1672 1142 1768 1177 prae-

991 1175 1177 1211 iniationis
1199 1177 1446 1214 credentium.
1465 1178 1567 1214 Unde
1585 1190 1770 1224 exponen-

990 1223 1037 1258 do
1076 1223 1203 1259 subdit
1248 1225 1425 1261 effectum
1457 1226 1589 1272 judicii
1625 1239 1636 1262 .·
1664 1228 1768 1263 Nunc

988 1272 1159 1316 princeps
1189 1271 1299 1317 hujus
1320 1274 1461 1316 mundi,
1479 1272 1517 1308 id
1548 1276 1605 1309 est
1625 1277 1769 1310 amato-

991 1328 1075 1353 rum
1096 1318 1241 1362 mundi,
1276 1322 1314 1355 et
1351 1320 1537 1356 malorum
1573 1320 1769 1356 homilium

991 1364 1056 1410 qui
1078 1366 1251 1401 habitant
1271 1365 1311 1402 in
1340 1367 1496 1411 mundo,
1522 1367 1664 1403 scilicet
1684 1367 1768 1403 dia-

991 1412 1116 1456 bolus,
1139 1412 1204 1458 qui
1226 1414 1273 1449 ab
1299 1414 1419 1450 Adam
1443 1425 1564 1460 usque
1584 1426 1683 1450 nunc
1702 1415 1771 1451 suit

991 1459 1222 1503 dominatus,
1255 1463 1291 1496 et
1322 1462 1443 1497 adhuc
1478 1462 1695 1498 dominatur
1729 1462 1769 1498 in

992 1506 1100 1542 malis
1122 1507 1262 1543 mundo
1285 1508 1421 1544 deditis
1438 1519 1446 1553 ;
1461 1512 1498 1545 et
1514 1509 1650 1545 dicitur
1670 1509 1770 1555 prin-

992 1564 1080 1599 ceps
1113 1554 1258 1600 mundi,
1292 1566 1368 1591 non
1396 1555 1484 1602 quia
1516 1556 1564 1592 sit
1595 1557 1771 1593 dominus

993 1601 1215 1637 substantia}
1260 1603 1407 1648 mundi,
1455 1604 1520 1639 sed
1572 1604 1770 1640 hominum

992 1648 1237 1685 mundialiter
1274 1650 1491 1696 viventium,
1519 1649 1558 1687 in
1587 1654 1770 1697 quantum

993 1706 1032 1730 se
1053 1696 1257 1741 subjiciunt
1278 1699 1311 1733 ei
1332 1708 1399 1744 per
1414 1701 1622 1744 peccatum,
1645 1699 1768 1744 ejicie-

991 1746 1065 1782 tur,
1086 1747 1123 1778 et
1144 1744 1349 1789 repelletur
1373 1746 1489 1789 foras,
1511 1756 1534 1781 a
1563 1745 1769 1792 redemptis

992 1792 1029 1825 et
1049 1789 1233 1834 liberatis,
1252 1795 1288 1827 et
1327 1796 1555 1838 potestatem
1591 1792 1767 1829 homines

992 1840 1076 1882 post
1100 1848 1140 1873 se
1172 1839 1344 1874 trahendi
1365 1840 1498 1886 perdet
1516 1841 1587 1876 hoc
1610 1839 1767 1886 judicio,

992 1894 1060 1929 per
1083 1884 1273 1921 Christum
1306 1890 1343 1922 et
1364 1887 1540 1922 virtutem
1576 1886 1767 1923 Passionis

992 1931 1086 1976 ejus,
1114 1941 1181 1977 per
1201 1943 1314 1978 quam
1334 1937 1463 1979 aperta
1485 1937 1541 1970 est
1553 1934 1672 1980 janua
1693 1935 1770 1980 glo-

992 1980 1080 2022 riae;
1108 1989 1131 2013 a
1168 1980 1275 2025 quus
1305 1980 1567 2017 consecutione
1594 1981 1766 2018 diabolus

991 2035 1069 2060 non
1096 2029 1217 2070 potest
1244 2026 1442 2073 impedire,
1459 2031 1497 2064 et
1514 2031 1598 2074 post
1623 2039 1662 2065 se
1688 2032 1766 2065 tra-

991 2072 1082 2107 here
1103 2073 1271 2117 Sanctos‚
1289 2074 1384 2111 sicut
1398 2079 1484 2111 ante
1503 2075 1676 2112 faciebat.
1695 2077 1767 2112 Per

993 2120 1212 2156 Passionem
1233 2121 1345 2157 etiam
1367 2122 1514 2158 Domini
1533 2123 1621 2159 data
1632 2126 1688 2159 est
1701 2124 1766 2159 ho-

993 2165 1085 2202 mini
1107 2167 1224 2204 virtus
1253 2168 1453 2205 resistendi
1483 2170 1648 2213 diabolo,
1676 2170 1766 2216 quia

992 2223 1060 2258 per
1077 2224 1160 2250 eam
1182 2216 1359 2253 fortiores
1371 2227 1498 2253 sumus
1519 2218 1566 2253 ad
1586 2217 1765 2254 resisten-

994 2263 1100 2305 dum;
1125 2273 1194 2298 nec
1228 2264 1340 2299 modo
1366 2263 1419 2300 ita
1453 2264 1560 2300 facile
1593 2264 1765 2301 homines

993 2308 1173 2345 seducere
1198 2311 1255 2346 vel
1282 2312 1377 2347 adeo
1402 2315 1547 2348 tentare
1574 2316 1698 2358 potest
1725 2315 1767 2348 ut

991 2354 1109 2400 prius,
1144 2367 1213 2392 nec
1236 2358 1468 2403 permittitur
1499 2359 1624 2395 facere
1651 2370 1766 2405 quan-

991 2405 1073 2437 tum
1084 2407 1208 2449 potest
1228 2410 1264 2440 et
1284 2405 1568 2442 vellet.Justum
1587 2409 1643 2442 est
1663 2406 1765 2442 enim

993 2451 1095 2494 quod
1113 2451 1210 2487 sicut
1236 2452 1410 2499 princeps
1430 2453 1561 2489 mortis
1591 2464 1658 2500 per
1678 2464 1765 2500 pec-

992 2499 1118 2533 catum
1134 2499 1182 2534 ho
1190 2499 1326 2535 minem
1345 2499 1415 2537 sibi
1429 2500 1588 2546 subjecit
1602 2501 1649 2536 ad
1663 2511 1764 2537 mor-

992 2546 1092 2589 tem,
1137 2545 1204 2590 sic,
1239 2547 1302 2592 qui
1331 2548 1521 2583 Christum
1547 2547 1764 2594 procuravit

991 2589 1156 2642 interfici
1181 2592 1337 2639 injuste,
1360 2594 1494 2631 merito
1517 2598 1554 2631 et
1571 2596 1682 2640 digne
1703 2593 1766 2641 eji-

992 2642 1125 2684 ciatur,
1154 2651 1200 2676 ne
1220 2641 1395 2688 deinceps
1414 2642 1526 2688 justis
1547 2641 1763 2678 hominibus

990 2695 1059 2730 per
1094 2687 1285 2724 Christum
1322 2689 1540 2736 redemptis,
1582 2688 1766 2735 principe-

991 2735 1067 2769 tur.
1087 2735 1320 2771 Permittitur
1339 2740 1466 2772 tamen
1481 2741 1627 2773 tentare
1646 2734 1766 2771 homi-

992 2789 1073 2826 nes,
1096 2781 1144 2817 ad
1167 2782 1400 2826 exercitium,
1431 2788 1468 2820 et
1488 2785 1667 2820 meritum
1687 2782 1762 2819 ele-
