1907 3139
158 189 214 222 1⁵25
621 186 822 220 SECUNDAE
859 187 1018 220 PARTtS
1054 186 1191 230 CAPUT
1230 185 1312 223 xlx

887 303 1054 340 ORATIO

201 401 356 439 Domine
381 404 469 438 Jesu
488 402 645 442 Christe,
667 400 792 448 magni
828 398 972 436 consilii
990 399 1144 446 Angele,
1175 401 1237 446 qui
1266 400 1465 436 concilium
1487 400 1773 446 malignantium

151 453 279 485 contra
299 453 335 485 te
369 450 451 485 fieri
474 449 687 494 permisisti,
712 460 778 484 nee
798 447 870 482 illis
890 447 1062 483 resistere
1082 458 1149 492 per
1168 447 1387 493 potentiam,
1412 448 1477 483 sed
1496 448 1615 493 magis
1638 449 1771 484 cedere

152 507 219 542 per
243 496 462 542 patientiam
483 497 645 539 voluisti,
670 507 714 531 ue
741 495 979 539 derelinquas
1001 505 1058 530 me
1079 494 1117 529 in
1130 498 1277 530 errante
1301 495 1455 540 Judicio,
1478 499 1540 530 aut
1560 496 1668 530 noxio
1690 506 1775 531 con-

151 544 233 580 silio
252 545 324 579 mei
345 543 489 579 arbritii
511 544 564 578 vel
587 543 790 585 hominum,
816 552 937 587 neque
958 541 997 576 in
1023 545 1204 586 potestate
1226 545 1289 577 aut
1308 541 1514 577 tentatione
1537 543 1770 586 daemonun1;

151 592 216 627 sed
236 594 274 626 tu
295 591 371 636 ipse
391 591 597 626 clementer
619 601 676 625 me
698 590 796 624 intus
818 592 854 624 et
871 588 958 624 loris
979 589 1133 634 dispone
1157 591 1194 624 et
1211 599 1312 634 rege,
1335 599 1379 624 ac
1397 588 1516 633 dirige
1535 588 1574 623 in
1595 588 1693 624 viam
1715 600 1772 624 sa-

151 638 238 673 lutis
259 641 422 673 aeternae.
444 640 496 673 Da
517 637 620 679 milii,
643 636 812 679 Domine,
828 639 870 672 ut
890 635 1069 681 quidquid
1087 639 1218 671 eontra
1233 646 1291 670 me
1308 635 1502 671 sliabolicae
1522 638 1584 671 ant
1599 636 1775 671 humana>

151 685 356 721 moliuntur
376 684 632 728 adversitates,
665 683 888 729 redigantur
908 683 955 718 ad
975 683 1148 725 nihilum,
1172 687 1211 718 ut
1246 683 1385 718 illaesus
1421 685 1457 718 et
1481 682 1526 718 de
1553 682 1656 719 omni
1676 682 1772 729 peri-

153 732 235 768 culo
255 735 418 778 ereptus,
446 732 553 768 laetus
575 731 641 768 tibi
663 731 824 767 referam
845 730 1051 776 gratiarum
1071 730 1253 766 actiones.
1275 731 1409 766 Amen.

788 932 967 980 CAPUT
991 932 1096 979 XIX

540 1069 589 1096 DE
613 1069 743 1098 DECEM
770 1069 951 1098 LEPROSIS
979 1070 1005 1097 A
1033 1069 1180 1098 DOMINO
1198 1069 1378 1098 CURATIS.

797 1183 904 1217 Lucae
930 1191 1010 1227 cap.
1041 1181 1149 1217 xvll.

206 1311 215 1331 ι
254 1299 429 1330 Cuius-rus
468 1304 532 1329 sno
575 1304 735 1327 Exi-:nrm
763 1304 926 1332 omi-ron

158 1354 328 1379 vmrrrss
346 1352 562 1376 minnist-itas
577 1352 643 1375 NOS
664 1352 786 1375 nocer.
803 1343 926 1375 —Fa-

154 1395 248 1427 ctum
270 1392 320 1424 est
341 1392 475 1430 autem,
492 1388 577 1422 dum
612 1389 873 1433 complerentur
891 1391 927 1422 et

157 1437 507 1484 appropinquarent
546 1435 622 1469 dies
668 1437 928 1479 assumptionis

131 1480 134 1484 ’
156 1486 234 1529 ejus
268 1482 418 1518 Domini
433 1484 536 1525 Jesn,
554 1481 591 1515 id
606 1484 657 1515 est
680 1492 702 1516 a
723 1481 860 1516 mundo
881 1482 926 1516 ad

156 1533 320 1574 Patrem,
351 1540 418 1574 per
449 1530 667 1563 Passionem
693 1532 728 1563 et
752 1536 925 1567 mortem,

150 1589 227 1614 non
250 1576 413 1619 divertit,
437 1576 501 1610 sed
516 1577 677 1620 firma-it
698 1577 773 1620 ipse
795 1577 925 1617 faciem

149 1636 265 1667 suum,
296 1622 334 1658 id
375 1626 430 1658 est
455 1624 710 1657 xoluntatem:
733 1632 817 1657 uam
860 1632 926 1667 per

152 1672 286 1708 faciem
311 1670 530 1715 designatur
550 1668 662 1703 animi
682 1668 868 1710 voluntas,
889 1668 926 1702 in

155 1719 277 1754 lorum
312 1716 514 1759 Passionis,
543 1719 578 1750 et
598 1719 637 1749 ut
673 1717 742 1749 iret
765 1718 802 1750 in
823 1718 925 1750 Jeru-

154 1768 282 1808 salem,
314 1763 489 1808 quoniam
514 1761 770 1807 ibioportebat
796 1773 923 1797 verum

152 1814 299 1857 Aenum
319 1808 519 1852 immolari,
538 1808 597 1844 ubi
618 1808 786 1853 figuralis
805 1820 925 1850 agnus

133 1860 294 1895 'solebat
317 1856 455 1892 offerri.
482 1856 786 1900 Assumptionem
817 1858 920 1897 Jesu,

153 1906 244 1942 dixit
281 1907 409 1947 Lucas,
448 1914 522 1938 non
564 1903 683 1938 solum
720 1903 925 1938 secundum

154 1957 302 1998 tempus
324 1962 395 1997 quo
416 1949 556 1986 assumi
575 1950 734 1985 debebat
753 1960 820 1995 per
841 1951 927 1985 Pas-

153 2001 310 2043 sionem,
339 1999 383 2033 de
406 1999 476 2033 hoe
515 1998 652 2033 mundo
675 1997 720 2032 ad
757 2000 922 2040 Patrem,

153 2047 240 2093 qnia
261 2047 419 2091 oportuit
454 2046 534 2089 pati
569 2045 766 2084 Chrz'stzmz,
806 2048 839 2079 et
875 2046 927 2079 itu

153 2096 292 2129 intrare
309 2096 345 2127 in
368 2094 523 2135 ylariani.
560 2102 660 2125 surim
680 2103 688 2133 3
713 2092 778 2126 sed
812 2092 927 2126 etiam

153 2141 358 2177 sevunslum
394 2142 623 2184 przeceptum
654 2138 699 2173 de
727 2149 823 2183 agno
861 2149 924 2182 pa-

156 2187 286 2228 schali,
313 2187 372 2231 qui
395 2184 539 2220 det-imo
566 2185 625 2219 die
660 2185 796 2220 mensis
817 2184 927 2230 primi

157 2233 420 2270 acsumebalur
438 2232 481 2267 de
500 2242 627 2276 grege,
647 2236 681 2266 et
705 2234 749 2267 ad
775 2232 926 2267 domum

154 2280 386 2315 inserebatur
416 2282 453 2314 et
487 2279 704 2314 servabatur
741 2289 858 2323 usque
880 2279 927 2314 ad

156 2337 349 2373 vesperum
377 2324 639 2371 quartidecimi
665 2325 735 2360 «liei
757 2337 765 2367 ;
787 2331 820 2360 et
839 2330 926 2361 tune

154 2374 432 2409 immolabatur.
467 2374 507 2408 In
528 2372 625 2407 hunc
648 2373 799 2407 modum
821 2372 926 2408 Cliri-

156 2427 234 2456 stus
254 2421 397 2455 decima
424 2419 497 2462 die,
536 2419 570 2453 id
611 2423 667 2454 est
693 2419 807 2454 ramis
844 2420 926 2454 Pal-

158 2477 320 2510 marum,
348 2468 448 2502 venit
480 2465 527 2501 ad
568 2466 687 2501 locum
722 2465 925 2510 Passionis,

156 2514 296 2550 scilicet
322 2513 360 2548 in
380 2513 602 2556 Jerusalem,
642 2514 703 2548 ubi
735 2517 927 2558 tamquam

156 2571 266 2597 verus
293 2561 424 2606 Agnus
443 2564 525 2595 erat
561 2570 627 2604 pro
656 2560 763 2595 nobis
793 2560 925 2595 immo-

158 2608 311 2651 Iandus;
327 2607 535 2652 mansitque
551 2605 602 2641 ibi
620 2609 656 2641 et
669 2606 780 2650 circa,
798 2618 928 2652 usque-

158 2656 244 2691 dum
263 2665 396 2701 passus
416 2657 484 2691 est.
506 2658 547 2689 nt
568 2652 619 2688 sic
641 2657 776 2689 veritas
796 2654 926 2699 figurae

157 2703 416 2748 responderet.
442 2703 491 2752 Ei<
513 2711 585 2746 quo
602 2704 701 2746 patet
721 2701 821 2745 quod
837 2705 929 2736 tem-

158 2760 226 2795 pus
257 2760 333 2784 suae
386 2748 574 2784 Passionis
614 2746 786 2793 praevidit
822 2747 926 2793 quasi

158 2798 270 2842 Deus,
295 2799 332 2832 et
352 2796 449 2842 quod
477 2796 681 2840 spontanee
704 2805 779 2830 non
800 2798 927 2831 coacte

1007 1297 1061 1328 est
1080 1303 1232 1337 passus3
1254 1292 1355 1328 unde
1375 1293 1550 1337 firmavit,
1566 1291 1603 1327 id
1622 1295 1679 1327 est
1698 1302 1775 1327 non

1004 1340 1136 1376 leviter
1166 1339 1296 1383 voluit,
1326 1340 1390 1375 sed
1426 1338 1584 1374 firmiter
1610 1344 1646 1375 et
1682 1349 1775 1374 con-

1004 1391 1146 1423 stanter
1167 1387 1363 1432 disposuit,
1394 1391 1434 1421 ut
1458 1389 1526 1421 iret
1556 1388 1595 1421 in
1630 1388 1774 1422 Jerusa-

1004 1436 1084 1477 lem,
1129 1435 1176 1469 ad
1216 1434 1477 1469 sustinendum
1523 1436 1697 1477 mortem,
1735 1436 1775 1468 ut

1002 1482 1215 1517 ostenderet
1257 1492 1297 1516 se
1335 1483 1465 1526 sponte
1504 1490 1701 1525 passurum
1738 1482 1775 1516 et

1002 1539 1068 1563 suo
1093 1528 1261 1574 exemplo
1291 1527 1492 1573 discipulos
1512 1526 1700 1562 animaret
1726 1527 1773 1562 ad

1003 1575 1234 1611 Passionem.
1259 1575 1315 1610 Sic
1338 1578 1371 1609 ct
1394 1578 1446 1616 tu,
1467 1584 1576 1609 omne
1597 1584 1690 1619 opus
1709 1574 1772 1610 bo—

1001 1633 1089 1657 num
1123 1622 1255 1657 firmus
1293 1626 1330 1656 et
1356 1620 1499 1657 stabilis
1521 1621 1634 1656 debes
1671 1631 1772 1656 assu-

1001 1680 1117 1712 mere,
1142 1680 1209 1704 nec
1230 1672 1383 1714 propter
1403 1667 1629 1703 tentationes
1660 1668 1707 1703 ab
1728 1678 1771 1703 eo

1002 1716 1201 1751 dimittere.
1220 1717 1385 1750 Instante
1398 1725 1486 1760 ergo
1500 1718 1668 1759 tempore
1687 1715 1773 1750 Pas-

1002 1762 1130 1801 sionis.
1153 1773 1226 1808 quo
1261 1762 1596 1807 transmigraturus
1623 1766 1704 1797 erat
1725 1762 1772 1797 de

1002 1810 1142 1845 mundo
1181 1810 1227 1844 ad
1259 1810 1422 1852 Patrem,
1446 1811 1598 1855 praestat
1619 1809 1771 1844 dorsum

1001 1857 1177 1899 Galilaeae,
1199 1860 1234 1891 et
1255 1856 1387 1891 faciem
1403 1858 1438 1891 in
1457 1856 1664 1892 Jerusalem
1685 1866 1771 1891 con-

1000 1903 1124 1947 vertit,
1166 1914 1208 1938 ac
1251 1903 1414 1945 firmata,
1446 1906 1483 1938 et
1516 1902 1771 1947 imperterrita

1002 1955 1140 1992 mente,
1160 1950 1280 1985 locum
1303 1961 1375 1994 quo
1390 1949 1466 1996 pati
1485 1950 1772 1995 decreveratpe-

1001 1998 1058 2034 tit.
1077 1999 1156 2032 Non
1172 1997 1244 2032 hue
1261 1997 1392 2032 etilluc
1411 1998 1501 2036 ibat,
1524 1997 1589 2033 sed
1604 1996 1674 2031 iter
1685 2007 1770 2032 ver-

1001 2055 1063 2080 sus
1085 2045 1290 2080 Jerusalem
1308 2045 1471 2079 tenebat.
1488 2045 1606 2087 Unde,
1623 2043 1684 2088 qui
1707 2054 1769 2078 su-

1001 2091 1126 2138 perius
1156 2090 1293 2133 pluries
1325 2090 1508 2130 excitavit..
1538 2094 1573 2126 et
1602 2091 1771 2127 hortatus

1001 2143 1056 2174 est
1074 2137 1277 2183 discipulos
1297 2141 1333 2173 et
1353 2137 1446 2173 alios
1466 2137 1512 2172 ad
1533 2137 1769 2183 martyrium,

1002 2189 1038 2221 et
1065 2186 1112 2221 ad
1134 2185 1190 2221 sui
1212 2185 1418 2230 sequelam,
1445 2185 1559 2221 'verbo
1585 2197 1593 2228 ;
1617 2185 1677 2220 hie
1699 2185 1771 2220 hoc

1002 2232 1098 2268 idem
1122 2233 1208 2268 l'aeit
1234 2233 1344 2275 facto,
1381 2243 1443 2267 eos
1472 2235 1664 2278 tamquam
1697 2233 1771 2267 Ma-

1002 2279 1117 2324 gister
1138 2283 1174 2315 et
1194 2280 1325 2314 ductor
1352 2279 1582 2325 praecedi-ns,
1605 2282 1641 2314 et
1664 2278 1770 2324 quasi

1002 2327 1098 2362 sacto
1120 2337 1200 2370 sno,
1224 2326 1352 2361 dit-ens
1372 2340 1379 2362 .·
1408 2328 1450 2363 Si
1470 2329 1552 2371 quis
1582 2327 1661 2361 vult
1685 2329 1769 2370 post

1001 2385 1055 2409 me
1080 2375 1214 2415 venire,
1255 2374 1404 2417 abnegset
1440 2375 1698 2418 semetipszmm
1736 2376 1769 2408 et

1003 2422 1107 2455 tollat
1127 2431 1264 2455 crucem
1296 2431 1412 2460 suam,
1440 2424 1473 2455 et
1506 2424 1679 2465 sequatur
1698 2431 1766 2455 me.

1000 2467 1330 2512 Appropinquante
1369 2478 1458 2513 ergo
1484 2470 1652 2512 tempore
1683 2467 1768 2503 Pas-

1003 2514 1116 2550 sionis
1132 2525 1221 2554 suze,
1244 2514 1423 2550 Dominus
1452 2515 1570 2557 Jesus,
1593 2514 1656 2560 qui
1681 2513 1766 2559 plu-

1001 2563 1075 2597 ries
1113 2561 1273 2606 fugerat,
1302 2561 1432 2607 inripit
1474 2563 1624 2598 reverti.
1666 2560 1768 2597 Sicut

1002 2608 1099 2644 enim
1121 2607 1157 2643 in
1179 2608 1434 2653 superioribus
1459 2609 1505 2643 ad
1529 2611 1695 2644 nostram
1716 2608 1768 2643 in-

1002 2655 1245 2691 structionem
1300 2666 1392 2691 usus
1441 2658 1497 2691 est
1550 2654 1766 2702 prudentia,

1002 2703 1203 2738 ostendens
1219 2702 1319 2747 quod
1344 2713 1411 2748 pro
1431 2703 1512 2738 loco
1545 2705 1581 2738 et
1600 2705 1768 2747 tempore

1002 2749 1167 2784 furorem
1193 2751 1502 2795 persequentium
1529 2753 1635 2785 caute
1653 2749 1766 2785 debe-

1002 2806 1084 2831 mus
1104 2796 1320 2835 declinare:
1354 2796 1404 2833 ita
1430 2808 1528 2833 nunc
1557 2796 1673 2832 utitur
1698 2797 1768 2832 for-
