1907 3139
293 219 347 255 DE
384 219 618 261 REMEDIIS,
655 219 748 254 ETG.
787 220 841 254 ET
878 221 1120 257 EXERGITIO
1157 222 1323 257 MENTIS
1362 222 1404 256 IN
1444 222 1580 256 DEUM.
1693 221 1748 256 261

841 297 1012 335 ORATIO

166 413 323 454 Domine
349 414 437 450 Jesu
450 414 597 450 Christe
617 415 692 461 pie,
706 416 754 452 da
774 415 880 460 mihi,
894 416 981 453 visis
995 416 1124 453 mundi
1141 414 1484 452 abominationibus
1500 417 1537 451 et
1559 415 1754 451 saevienti-

119 465 190 501 bus
212 461 535 505 tribulationibus,
559 463 605 498 ad
633 467 780 499 montes
801 469 838 499 et
858 464 1024 500 culmina
1048 464 1226 500 virtutum
1252 463 1395 508 sugere,
1420 470 1454 498 et
1479 462 1516 498 in
1539 463 1753 498 coelestibus

121 510 380 547 conversando
414 509 458 544 de
480 510 665 556 spirituali
688 511 914 547 sublimitate
939 512 999 547 ad·
1016 511 1181 548 carnalia
1202 510 1388 547 desideria
1407 514 1442 546 et
1460 514 1567 546 artus
1584 510 1753 556 pristinu:

118 555 417 595 conversationis
439 558 640 594 mundanae
666 570 740 594 non
763 560 1008 601 descendere,
1042 559 1098 594 vel
1127 570 1186 595 me
1208 558 1405 602 inclinare,
1436 561 1472 593 ct
1500 557 1539 593 in
1562 556 1756 593 anteriora

117 617 177 642 me
198 604 450 649 extendendi),
476 609 510 640 et
532 616 599 652 pro
623 606 745 642 fructu
771 607 959 642 bonorum
984 618 1139 652 operum
1170 606 1391 649 laborando,
1423 605 1462 640 in
1491 604 1703 651 posteriora
1722 609 1759 639 et

119 653 166 690 ad
186 651 410 697 temporalia
431 651 566 698 quibus
587 664 646 689 me
671 652 753 690 exui
780 664 854 689 non
870 654 1072 700 respicere.
1100 656 1153 690 Da
1175 654 1287 690 etiam
1319 653 1425 697 mihi,
1447 656 1488 688 ut
1507 651 1619 688 nullis
1641 651 1755 687 sedu-

122 700 289 736 ctoribus
317 700 488 744 credens,
514 711 671 746 regnum
693 701 839 748 gratiae,
861 702 961 747 quod
976 701 1077 738 intra
1096 713 1163 738 nos
1183 704 1306 749 potest
1325 711 1421 746 esse,
1440 709 1626 747 quaeram,
1643 702 1680 735 et
1701 699 1756 734 sic

121 748 169 784 ad
187 757 347 794 regnum
366 746 497 793 gloriae
524 748 756 795 perveniam.
779 749 912 785 Amen.

787 960 968 1010 CAPUT
998 962 1096 1009 XLI

114 1110 164 1139 DE
195 1109 377 1139 REMEDIIS
416 1109 571 1139 CONTRA
614 1108 869 1139 SPIRITUALES
905 1108 1105 1138 NOVISSIMI
1135 1108 1329 1139 TEMPORIS
1366 1105 1661 1143 TENTATIONES,
1702 1106 1753 1134 ET

624 1163 833 1192 EXERCITIO
857 1163 1003 1192 MENTIS
1027 1163 1067 1192 IN
1088 1163 1212 1191 DEUM.

169 1291 181 1314 1
206 1278 465 1313 TENTATIONUM
484 1288 592 1312 omno
611 1288 762 1313 DUPLEx.
787 1298 828 1303 —-
852 1278 897 1313 Et

119 1324 219 1371 quia.
248 1327 288 1360 ut
311 1324 451 1360 dictum
485 1328 554 1366 est,
578 1328 664 1360 ante
692 1325 895 1361 adventum

118 1371 268 1416 Domini
300 1376 453 1415 surgent
484 1372 591 1407 multi
621 1372 895 1418 pseudochristi

120 1424 157 1456 et
178 1419 533 1465 pseudoprophetae,
558 1419 595 1454 id
630 1423 685 1455 est
715 1419 894 1463 simulati,

119 1470 155 1502 et
197 1466 277 1502 falsi
297 1478 305 1510 3
347 1470 383 1502 et
422 1468 602 1502 seducent
641 1468 790 1511 multos,
833 1467 894 1512 qui

119 1517 206 1550 ante
226 1514 452 1550 videbantur
479 1514 590 1549 etiam
612 1514 789 1560 perfecti,
810 1513 894 1550 ideo

119 1561 179 1596 hic
198 1564 473 1605 consequenter
490 1561 820 1607 ponuntur-aliqua
840 1572 895 1597 re-

119 1608 244 1644 media
278 1611 409 1644 contra
448 1611 631 1653 quasdam
667 1609 894 1644 tentationes

117 1656 333 1702 spirituales
355 1666 438 1701 quae
458 1656 528 1691 isto
550 1659 719 1703 tempore
731 1657 896 1692 abunda-

116 1703 225 1747 bunt,
247 1703 294 1739 ad
317 1704 556 1748 probandum
585 1709 621 1739 et
655 1705 895 1749 purgandum

117 1751 266 1791 electos,
297 1760 380 1796 quae
403 1750 515 1786 etiam
543 1750 580 1786 in
608 1750 781 1786 cordibus
803 1762 894 1796 quo-

115 1797 291 1833 rumdam
336 1797 570 1833 seminantur
610 1809 632 1833 a
666 1797 830 1841 diabolo,
861 1801 897 1833 et

115 1847 332 1892 praeparant
353 1844 474 1880 locum
496 1843 743 1880 Antichristo.
772 1844 897 1890 Dupli-

119 1892 212 1927 citer
232 1895 358 1928 autem
388 1892 542 1927 veniunt
564 1892 754 1937 praedictae
776 1895 894 1927 tenta-

117 1938 240 1975 tiones
270 1938 434 1985 :primo‚
460 1949 525 1981 per
559 1940 839 1984 suggestionem
861 1943 897 1974 et

119 1985 333 2022 illusionem
357 1985 512 2029 diaboli,
535 1985 597 2030 qui
617 1985 753 2029 decipit
773 1987 895 2021 homi-

122 2044 209 2070 nem
230 2032 268 2069 in
289 2032 475 2078 regimine
504 2033 604 2078 quod
624 2034 735 2069 debet
755 2034 895 2069 habere

121 2091 211 2126 erga
233 2082 365 2123 Deum,
388 2083 424 2116 et
446 2079 483 2115 in
513 2082 582 2116 hoc
603 2082 701 2125 quod
730 2086 786 2116 est
807 2080 893 2123 Dei;

120 2128 300 2171 secundo,
333 2138 400 2174 per
426 2133 642 2173 corruptam
672 2127 895 2171 doctrinam,

120 2179 156 2210 et
175 2175 329 2210 modum
357 2174 505 2210 vivendi
538 2175 713 2213 aliorum.
738 2174 800 2220 qui
818 2175 896 2221 jam

120 2227 308 2258 venerunt
326 2232 394 2268 per
414 2221 642 2258 tentationes
664 2221 894 2268 hujusmodi.

122 2270 281 2314 Propter
299 2269 400 2314 quod
420 2269 695 2305 ostendendum
713 2273 767 2305 est
798 2281 806 2304 :
829 2269 898 2315 pri-

118 2326 180 2352 mo
202 2317 301 2362 quod
321 2315 488 2361 regimen
510 2317 625 2352 debes
646 2317 783 2352 habere
798 2316 897 2362 apud

118 2364 254 2405 Deum,
275 2366 312 2398 et
330 2363 427 2399 adid
442 2364 541 2409 quod
554 2363 617 2399 Dei
641 2368 697 2399 est
718 2375 726 2407 ;
751 2366 787 2398 et
800 2367 896 2409 post,

119 2410 308 2456 quomodo
330 2411 445 2446 debes
459 2413 537 2457 regi
556 2422 646 2457 erga
661 2410 768 2454 alios,
781 2421 898 2456 quan-

118 2460 198 2492 tum
216 2458 260 2491 ad
279 2456 503 2502 doctrinam,
519 2462 750 2504 etquantum
765 2458 812 2493 ad
824 2468 899 2493 mo-

119 2504 209 2540 dum
225 2503 372 2539 vivendi
394 2516 538 2541 eorum.

169 2564 186 2586 2
210 2551 374 2593 QmNQui:
419 2564 574 2588 ΒΕΜΕΒΙΑ
613 2563 750 2588 CONTRA
769 2563 900 2587 TENTA-

120 2608 247 2634 TIONES
276 2610 321 2633 Ex
341 2610 452 2634 PARTE
477 2611 632 2635 niABOLt.
656 2621 701 2625 —
735 2599 901 2635 Primum

122 2643 333 2681 remedium
373 2651 503 2682 contra
529 2648 758 2683 tentationes
788 2645 901 2692 spiri-

122 2691 245 2728 tuales
266 2691 375 2728 istius
395 2693 589 2736 temporis.
614 2705 706 2740 quas
726 2696 903 2740 procurat

127 2738 301 2775 diabolus
322 2738 359 2774 in
381 2740 557 2777 cordibus
578 2740 729 2777 illorum
753 2740 815 2786 qui
836 2751 897 2776 vo-

129 2785 213 2822 lunt
249 2796 287 2821 se
313 2786 403 2822 dare
434 2788 508 2823 Deo
539 2799 606 2835 per
632 2787 843 2825 orationem
869 2790 905 2823 et

130 2832 500 2879 contemplationem,
524 2836 580 2871 vel
603 2846 670 2882 per
696 2835 771 2872 alia
792 2845 906 2881 opera

967 1275 1226 1324 perfectionis,
1249 1279 1306 1313 est
1333 1276 1435 1313 istud
1460 1288 1468 1312 ε
1492 1279 1531 1312 ut
1556 1288 1632 1313 non
1654 1277 1753 1313 desi-

970 1325 1078 1360 deres
1105 1323 1270 1360 visiones
1308 1329 1372 1359 aut
1407 1324 1674 1369 revelationes,
1697 1325 1754 1360 vel

967 1372 1196 1408 sentimenta
1218 1383 1301 1417 quae
1323 1375 1409 1407 sunt
1425 1383 1542 1417 supra
1561 1375 1750 1413 naturam,

969 1423 1004 1455 et
1032 1430 1145 1465 supra
1171 1430 1322 1455 (rursum
1347 1418 1499 1455 illorum
1535 1418 1597 1464 qui
1635 1421 1753 1455 Deum

970 1466 1144 1511 diligunt,
1169 1470 1205 1502 et
1240 1466 1375 1501 timent
1410 1477 1474 1509 per
1510 1466 1752 1502 verissimum

968 1525 1137 1550 amorem
1158 1525 1165 1549 ε
1194 1513 1282 1559 quia
1305 1514 1401 1549 istud
1420 1513 1649 1549 desiderium
1670 1524 1753 1549 esse

970 1572 1045 1596 non
1062 1564 1184 1607 potest
1205 1560 1287 1596 sine
1306 1560 1444 1603 radice,
1466 1564 1502 1596 et
1521 1560 1602 1596 sine
1621 1561 1751 1596 funda-

970 1612 1096 1644 mento
1138 1607 1325 1649 superbiae
1359 1611 1394 1643 et
1416 1607 1750 1654 przesumptionis3

969 1656 1025 1691 vel
1045 1655 1126 1691 ¹sine
1144 1655 1355 1690 intentione
1377 1656 1537 1701 alicujus
1557 1666 1664 1691 vante
1684 1666 1750 1691 cu-

969 1703 1152 1739 riositms
1175 1702 1272 1738 circa
1309 1706 1455 1738 secreta
1485 1702 1565 1746 Dei,
1589 1702 1647 1738 vel
1669 1701 1751 1738 sine

969 1749 1173 1795 fragilitate
1209 1755 1246 1785 et
1273 1750 1418 1785 defectu
1450 1749 1535 1785 (idei
1566 1761 1573 1785 :
1602 1753 1754 1796 propter

971 1808 1053 1842 quae
1071 1796 1219 1842 justitia
1238 1796 1303 1832 Dei
1322 1796 1657 1833 dimittitanimam
1670 1808 1753 1842 quie

970 1845 1083 1880 habet
1098 1844 1327 1880 desiderium
1347 1844 1579 1889 hujusmodi,
1593 1849 1630 1879 et
1649 1845 1755 1880 venit

971 1892 1198 1936 quaudoque
1230 1891 1316 1926 talis
1356 1891 1394 1926 in
1431 1890 1684 1927 tentationem
1717 1897 1755 1927 et

972 1938 1189 1974 illusionem
1218 1937 1370 1974 diaboli.
1390 1939 1461 1973 Per
1478 1939 1577 1973 hunc
1600 1939 1755 1974 modum

971 1985 1133 2021 seminat
1169 1984 1341 2021 diabolus
1379 1985 1564 2030 majorem
1604 1988 1754 2031 partem

970 2033 1221 2069 tentationum
1249 2031 1499 2078 spiritualium
1532 2031 1642 2068 istius
1663 2036 1756 2069 tem-

971 2079 1085 2126 poris,
1109 2083 1145 2114 ot
1170 2079 1315 2115 radii-at
1336 2079 1373 2114 in
1394 2078 1574 2115 cordibus
1597 2080 1751 2115 illorum

972 2127 1035 2172 qui
1057 2130 1145 2163 sunt
1165 2126 1283 2162 nuntii
1304 2126 1539 2170 Antichristi,
1568 2130 1681 2173 prout
1698 2127 1753 2162 vi-

972 2175 1061 2210 dere
1081 2173 1220 2219 poteris
1241 2173 1278 2209 in
1298 2174 1631 2219 subsequentibus.
1648 2176 1754 2210 Unde

972 2223 1086 2258 debes
1112 2221 1206 2257 scire
1228 2223 1325 2266 qnod
1357 2232 1455 2257 verae
1485 2221 1752 2265 revelationes,

972 2274 1008 2305 et
1038 2268 1265 2305 sentimenta
1286 2268 1498 2314 spiritualia
1520 2272 1756 2305 secretorum

974 2317 1052 2357 Dei,
1078 2327 1154 2351 non
1173 2315 1329 2352 veniunt
1351 2327 1415 2361 per
1435 2316 1665 2352 antedictum
1688 2317 1756 2352 de-

973 2362 1168 2405 siderium,
1192 2374 1315 2409 neque
1353 2374 1421 2409 per
1455 2362 1610 2409 aliquod
1637 2374 1752 2399 cona-

974 2421 1061 2446 men
1083 2410 1141 2446 vel
1163 2411 1330 2446 studium
1352 2411 1454 2456 quod
1474 2411 1600 2446 anima
1616 2411 1757 2447 habeat

974 2457 1010 2494 in
1034 2469 1093 2501 sn;
1118 2459 1182 2493 sed
1204 2462 1345 2494 tantum
1362 2459 1516 2493 veniunt
1536 2468 1603 2504 per
1617 2468 1753 2504 puram

974 2504 1182 2541 bonitatem
1208 2505 1272 2540 Dei
1308 2507 1342 2540 in
1373 2505 1554 2548 animam,
1583 2515 1665 2550 quae
1700 2508 1757 2541 est

976 2553 1013 2587 in
1034 2562 1172 2599 magna
1191 2551 1419 2594 humilitate,
1444 2556 1479 2588 et
1497 2552 1534 2588 in
1556 2562 1695 2599 magno
1711 2552 1759 2587 ti-

976 2610 1095 2644 more,
1118 2610 1160 2635 ac
1184 2602 1400 2636 reverentia
1429 2599 1507 2635 Dei.
1531 2601 1639 2643 Item,
1663 2599 1761 2636 scias

977 2646 1078 2692 quod
1096 2646 1302 2683 exercitare
1324 2657 1363 2683 se
1388 2646 1427 2682 in
1453 2657 1591 2693 magna
1612 2646 1763 2683 humili-

977 2697 1068 2738 tate,
1088 2704 1132 2730 ac
1153 2693 1289 2730 timore
1314 2704 1465 2737 magno,
1485 2705 1528 2730 ac
1548 2694 1762 2730 reverentia

981 2740 1059 2782 Dei,
1093 2744 1244 2787 propter
1263 2741 1333 2776 hoe
1354 2744 1393 2777 ut
1413 2742 1524 2777 homo
1546 2741 1684 2776 habeat
1710 2739 1761 2775 vi-

981 2788 1104 2824 siones
1134 2798 1177 2824 ac
1207 2788 1457 2824 revelationes
1477 2791 1514 2823 et
1534 2786 1762 2823 sentimenta

983 2834 1213 2882 supradicta,
1236 2838 1293 2872 est
1312 2836 1454 2885 habere
1472 2835 1512 2871 in
1535 2845 1575 2871 se
1594 2834 1759 2871 radicem
