1907 3139
226 205 274 239 DE
312 202 556 238 EJECTIONE
595 202 890 239 VENDENTIUM
933 205 982 238 ET
1019 205 1256 242 EMEN'I'IUM
1297 208 1346 242 ΠΕ
1384 209 1574 246 TEMPLO.
1657 212 1713 247 193

77 275 248 313 cundum
270 272 500 320 quadruplex
522 271 762 309 latrocinium
780 275 861 311 :vel

79 324 376 369 Scripturarum.
387 319 539 365 quando
554 326 860 367 corrumpuntur,

80 374 118 406 ut
138 372 185 406 ab
206 367 417 411 liaereticis3
438 367 493 402 vel
508 369 730 411 gratiarum,
747 380 861 405 uuan-

78 418 125 454 do
151 418 386 453 sacramenta
400 414 632 458 venduntur,
650 419 691 450 ut
712 426 733 451 a
751 416 861 452 simo-

77 464 215 506 niacis;
254 462 311 498 vel
350 461 639 508 praebeiidarum
662 489 670 506 ‚
709 464 859 507 quando

77 514 266 554 emuntur,
286 512 323 545 ut
345 511 391 545 ab
410 508 649 552 ambitiosis;
670 510 727 545 vel
749 521 860 556 pecu-

76 558 239 600 niarum,
268 556 417 602 quando
451 556 548 592 male
583 557 858 602 expenduntur,

78 608 117 642 ut
137 616 159 641 a
176 603 419 651 voluptuosis.
440 604 521 648 Vel,
547 604 754 640 secundum
773 607 858 641 Hie-

76 664 282 697 ronymum,
305 652 400 687 latro
429 654 499 695 cst,
529 656 565 686 et
588 652 768 697 templum
795 652 861 688 Dei

73 699 112 735 in
140 698 394 743 latrocinium,
413 709 475 734 seu
498 698 687 734 latronum
707 700 859 745 spelun-

16 758 18 761 ’
74 757 154 783 cam
171 745 367 789 convertit,
382 745 443 792 qui
460 746 602 781 lucrum
617 746 662 781 de
675 746 860 793 religiosis

77 798 254 830 sectatur.
271 796 347 829 Hoc
369 794 514 829 lucrum
534 796 729 829 sectantur
743 794 857 840 aliqui

73 852 140 888 per
161 842 325 877 studium
357 840 539 884 scientiae,
560 842 603 875 ut
638 843 858 885 quaestuarii

74 888 245 925 advocati
264 900 271 932 ;
289 887 404 934 aliqui
423 898 488 931 per
507 887 766 923 tortitudinem
786 900 859 932 po-

77 936 216 979 tentiae,
252 939 291 971 ut
324 934 489 981 nobiles;
519 934 635 979 aIIqui
660 946 726 980 per
760 936 861 972 obla·

76 983 219 1019 tionem
242 992 456 1025 muncrum,
483 987 521 1017 ut
557 982 692 1018 divites
713 982 856 1019 mundi.

75 1031 202 1067 Deliis
223 1030 397 1066 omnibus
416 1029 504 1064 dicit
527 1030 691 1065 Joannes
716 1042 722 1066 :
748 1031 857 1073 Quot-

75 1082 161 1124 quot
187 1081 375 1117 venerunt,
394 1079 494 1120 fures
517 1081 602 1112 stunt
629 1080 661 1111 et
683 1078 854 1113 latrone&

123 1141 141 1172 7
168 1128 286 1161 Mum
307 1137 338 1160 {N
360 1136 497 1160 TEMPLo
518 1136 716 1160 SANANTUR.
747 1146 788 1151 —-
812 1128 857 1160 Et

77 1176 306 1208 accesserant
337 1173 385 1207 ad
406 1183 485 1207 eum
515 1174 596 1208 caeci
619 1176 651 1207 et
673 1173 797 1207 claudi
818 1175 857 1207 in

76 1221 222 1266 templo,
246 1223 362 1255 testes
388 1219 488 1255 vocis
521 1223 556 1255 et
578 1219 700 1255 laudis
718 1230 856 1265 puero-

75 1278 178 1311 rum,
202 1271 234 1302 et
253 1269 401 1302 semovit
420 1278 477 1302 eos
498 1278 505 1309 ;
539 1271 578 1302 ut
614 1267 713 1311 quod
749 1267 854 1313 pueri

78 1315 293 1351 clamabant
317 1313 442 1350 verbis
464 1318 500 1350 et
521 1325 600 1357 ore,
626 1314 706 1359 ipse
726 1318 855 1350 osten-

76 1362 182 1398 deret
210 1361 318 1397 sactis
358 1364 390 1396 et
431 1372 559 1408 opere,
597 1360 703 1406 quasi
741 1364 853 1397 etiam

74 1409 182 1445 testis
207 1408 389 1455 ipsorum.
414 1409 637 1444 Clamabant
658 1408 757 1443 enim
780 1411 854 1444 Ho-

72 1467 203 1498 samuz,
237 1456 275 1491 id
312 1459 368 1490 cst
400 1457 586 1501 salvifica,
619 1455 754 1500 quibus
788 1466 855 1501 per

74 1515 188 1550 opera
208 1502 419 1549 respondit.
431 1502 519 1548 quia
534 1503 691 1538 salutem
707 1502 850 1539 tribuit.

72 1553 124 1587 Ac
146 1550 175 1586 si
197 1550 339 1586 diceret
368 1562 376 1585 z
400 1551 498 1585 Bene
532 1549 701 1586 clamatis
730 1550 852 1586 Salva-

72 1602 208 1642 torem,
232 1597 322 1643 quia
342 1608 427 1633 ecce
449 1597 495 1633 do
513 1597 686 1633 salutem.
707 1597 853 1633 Morali-

73 1650 144 1690 ter,
165 1645 253 1681 caeci
276 1649 363 1680 sunt
385 1644 617 1690 ignorantes,
640 1643 766 1680 claudi
795 1656 852 1681 ve⁴

74 1704 115 1729 ro
136 1691 399 1728 rectitudinem
419 1691 575 1738 justitiae
596 1691 849 1735 dimittentes3

73 1743 110 1777 et
131 1740 191 1776 isti
228 1743 408 1775 curantur
440 1750 507 1785 per
539 1741 681 1782 Jesum,
718 1742 755 1774 et
787 1749 852 1785 per

72 1789 174 1824 bona
194 1786 351 1823 consilia
373 1790 407 1821 et
428 1787 671 1822 hortamenta
695 1788 852 1822 sectato-

72 1845 156 1872 rum
185 1836 277 1879 ejus.
301 1833 509 1869 Considera
532 1844 629 1868 nunc
658 1833 756 1878 quod
778 1834 851 1868 Do-

21 1906 29 1912 ae
74 1882 199 1918 minus
223 1891 307 1917 cum
342 1891 478 1926 magno
502 1882 644 1916 bonore
662 1883 849 1925 receptus,

73 1932 228 1976 propter
264 1926 469 1963 exhibitam
495 1927 566 1963 sibi
600 1927 851 1963 reverentiam

74 1987 153 2013 non
174 1975 317 2011 dimisit
333 1975 519 2020 justitiam
537 1986 545 2019 3
561 1974 649 2019 quia
665 1985 748 2009 mox
759 1978 851 2010 tem—

74 2025 177 2071 plum
201 2024 369 2059 intravit.
392 2027 429 2058 et
450 2033 582 2057 omnes
598 2021 801 2057 vendentes
816 2024 853 2057 et

74 2073 245 2108 ementes
268 2069 353 2105 inde
377 2069 511 2115 ejecit;
532 2080 601 2105 nec
622 2074 773 2115 propter
799 2080 853 2104 se-

73 2128 203 2154 veram
221 2116 405 2163 Justitiam
428 2116 555 2152 omisit
579 2127 685 2152 suam
708 2115 853 2152 miseri-

76 2165 259 2205 cordiam,
282 2163 371 2209 quia
393 2175 479 2200 mox
501 2175 620 2200 caecos
641 2167 677 2200 et
699 2163 853 2199 claudos

76 2211 237 2249 sanavit.
257 2212 415 2257 Propter
432 2212 533 2257 quod
553 2212 663 2247 datur
680 2210 851 2256 intelligi,

76 2260 178 2306 quod
194 2259 310 2304 judex
327 2262 364 2293 et
384 2258 530 2304 praelati
547 2262 700 2304 propter
713 2258 855 2303 impen—

79 2317 161 2343 sum
179 2305 251 2342 sibi
277 2305 459 2350 favorem,
482 2317 557 2342 non
572 2307 712 2342 debent
731 2305 855 2357 dimit-

76 2357 156 2390 tere
170 2352 325 2399 justitia}
344 2352 507 2399 rigorem
524 2364 531 2397 ;
553 2364 622 2389 nec
641 2356 792 2398 propter
809 2363 856 2387 ri-

78 2410 207 2448 gorem
225 2399 394 2446 justitiae,
412 2401 549 2437 debent
568 2400 757 2436 dimittere
777 2399 856 2435 dul-

79 2447 250 2484 cedinem
270 2446 550 2483 misericordiae.

128 2498 148 2530 8
169 2496 379 2530 INDIGNATIO
413 2496 678 2530 PHARISAEORUM
708 2507 752 2530 nr.
774 2506 857 2530 LAU-

82 2553 186 2577 maus
215 2553 418 2587 romonum,
448 2554 488 2577 ET
520 2543 666 2578 Cnaisu
699 2553 855 2577 nespoxa

84 2600 153 2624 Sio.
174 2608 218 2614 --
242 2589 412 2624 videntes
434 2592 553 2624 autem
571 2592 608 2624 et
628 2589 858 2625 admirantes

79 2637 268 2682 principes
289 2636 514 2671 sacerdotum
535 2640 568 2671 et
588 2636 736 2680 Scribae,
750 2638 860 2671 mira.-

86 2683 177 2718 bilia
194 2692 273 2727 quae
294 2683 381 2725 fecit
401 2684 524 2727 Jesus,
553 2683 591 2718 in
622 2687 735 2719 tantae
768 2683 860 2718 mul-

82 2728 257 2765 titudinis
285 2732 330 2764 de
363 2730 501 2774 templo
527 2731 726 2776 ejectione,
754 2741 796 2765 ac
823 2729 860 2764 in

85 2786 273 2813 caecorum
302 2779 338 2812 et
359 2777 577 2813 claudorum
598 2779 808 2821 sanatione,
830 2779 862 2811 et

80 2834 213 2871 pueros
249 2825 446 2859 clamantes
476 2826 515 2860 in
546 2826 700 2871 templo,
737 2825 860 2871 ipsum

168 2887 248 2920 Vin
270 2888 353 2921 Jsssu
376 2889 520 2928 Cunisri,
543 2898 653 2922 'tomus
675 2889 733 2921 111.

940 274 1079 311 scilicet
1097 286 1176 312 esse
1197 287 1325 313 verum
1351 278 1557 325 Christum,
1591 285 1623 318 et
1650 284 1710 319 di-

937 327 1052 359 centes
1072 325 1246 359 Hosanna
1266 326 1341 369 filio
1362 328 1496 371 David,
1518 328 1587 374 ipsi
1610 332 1710 367 cnim

936 369 1041 416 pueri
1064 374 1101 406 et
1122 374 1256 407 ceterae
1284 373 1403 408 turbae
1432 384 1515 409 cum
1538 377 1712 414 laudibus

936 417 1122 454 Christum
1140 428 1257 464 usque
1280 418 1317 454 in
1341 421 1521 466 templum
1551 423 1712 461 deduxe-

935 470 1036 505 runt,
1062 464 1153 500 moti
1182 469 1314 501 contra
1342 467 1462 513 ipsum
1497 479 1653 505 rancore
1674 476 1711 507 et

936 511 1089 556 invidia,
1118 513 1307 557 ineliquata*
1329 518 1427 559 sunt,
1447 515 1535 560 quia
1555 517 1642 552 mali
1663 519 1710 554 de

935 559 1045 607 laude
1065 560 1249 596 bonorum
1273 561 1401 597 dolere
1423 568 1711 601 consueverunt.

935 606 1003 642 Ubi
1031 608 1303 651 chrysostomus
1335 620 1342 644 :
1375 622 1392 642 «
1422 609 1491 652 Qui
1520 612 1716 657 ingredie—

934 654 1046 689 batur
1070 657 1111 690 ut
1136 655 1262 699 homo,
1292 655 1518 692 laudabatur
1543 664 1581 693 ut
1602 660 1714 696 Deus.

935 700 1003 743 Qui
1025 701 1218 737 celabatur
1232 702 1269 738 in
1285 713 1412 745 carne,
1430 704 1716 743 demonstraba-

934 751 994 783 tur
1017 748 1053 783 in
1073 759 1175 784 voce.
1199 751 1317 793 Quem
1356 750 1500 787 malitia
1539 754 1712 790 sacerdo·

934 799 1029 839 tum,
1051 796 1156 841 quasi
1179 797 1709 845 hominem,blasphemabat;

934 843 1035 878 hunc
1058 843 1276 880 innocentia
1308 846 1567 891 parvulorum,
1602 849 1710 894 qnasi

935 891 1065 931 Deum,
1090 891 1290 927 exaltabat.
1314 893 1502 935 Quantum
1523 897 1647 930 autem
1666 895 1711 931 il—

933 936 968 972 le
987 937 1283 983 glorificabatur,
1316 942 1463 977 tantum
1496 942 1712 980 sacerdotes

933 983 1075 1021 invidia
1098 987 1371 1030 torquebantur
1387 998 1394 1031 3
1409 992 1446 1023 et
1465 987 1565 1024 illius
1588 989 1713 1027 honor

933 1032 1048 1068 fiebat
1068 1031 1141 1067 illis
1163 1036 1405 1070 tormentum.
1441 1034 1499 1071 Sic
1533 1036 1632 1072 enim
1655 1041 1712 1074 est

932 1090 1005 1121 res,
1031 1080 1180 1125 quando
1201 1080 1288 1116 boni
1312 1081 1350 1116 in
1372 1093 1440 1118 sua
1461 1083 1600 1119 virtute
1622 1084 1710 1121 lau-

934 1126 1086 1171 dantur,
1108 1127 1196 1163 mali
1220 1130 1257 1163 in
1279 1139 1346 1164 sua
1370 1129 1512 1166 invidia
1531 1130 1711 1168 crucian-

931 1177 993 1209 tur
1020 1185 1026 1209 :
1067 1191 1082 1203 »
1106 1175 1188 1210 haec
1225 1177 1514 1219 Chryses-tomus,
1538 1179 1708 1225 Cumque

931 1231 1067 1257 manus
1101 1233 1174 1257 non
1208 1223 1392 1258 auderent
1423 1225 1559 1261 timore
1580 1226 1709 1271 populi

931 1269 967 1303 in
985 1280 1070 1304 eum
1090 1269 1259 1315 injicere,
1282 1281 1348 1305 nec
1366 1270 1547 1308 miracula
1566 1274 1618 1308 sic
1636 1284 1712 1310 ma-

930 1315 1064 1351 nifesta
1084 1316 1319 1363 impugnare,
1350 1320 1561 1363 arguebant
1584 1323 1710 1356 tamen

929 1363 1127 1399 Dominum
1154 1364 1199 1399 de
1227 1364 1422 1410 applausu,
1452 1377 1562 1411 quem
1590 1367 1709 1403 susti-

929 1411 1042 1445 nebat
1069 1410 1168 1445 circa
1195 1422 1254 1454 se,
1284 1415 1320 1447 et
1349 1412 1602 1449 testimonium
1633 1425 1707 1460 po—

926 1456 1003 1502 puli
1039 1461 1151 1503 atque
1183 1469 1386 1503 puerorum
1423 1460 1664 1497 clamantium
1697 1473 1705 1497 :

926 1506 1113 1548 Hoscmua,
1153 1507 1229 1550 filio
1264 1507 1398 1549 Damni,
1433 1508 1629 1543 vertebant
1668 1508 1707 1544 in

928 1551 1169 1595 calumniam,
1199 1553 1299 1597 quod
1336 1552 1511 1589 videlicet
1535 1555 1604 1590 hoc
1631 1567 1707 1592 non

928 1598 1080 1643 dicitur,
1102 1598 1173 1634 nisi
1209 1599 1277 1634 soli
1306 1599 1397 1635 Filio
1425 1600 1503 1637 Dei.
1542 1602 1647 1638 Unde
1674 1607 1708 1639 et

927 1646 1105 1681 dtoeerunt
1127 1648 1159 1681 ei
1183 1659 1193 1681 .·
1214 1647 1336 1681 Auctis
1357 1649 1449 1692 quid
1469 1651 1534 1684 isti
1551 1650 1709 1686 dicunt?

927 1692 1040 1736 Quasi
1060 1693 1229 1729 dicerent
1251 1706 1259 1729 ;
1282 1694 1409 1730 Talem
1430 1695 1579 1732 laudem
1600 1697 1646 1733 de
1671 1701 1709 1734 et

927 1741 1062 1776 merito
1101 1751 1176 1776 non
1198 1742 1357 1777 deberes
1379 1742 1592 1779 sustinere:
1617 1745 1707 1790 quia

928 1788 955 1822 si
982 1791 1021 1823 tu
1044 1788 1169 1833 justus
1199 1791 1235 1823 et
1271 1788 1394 1824 bonus
1434 1800 1550 1834 esses,
1591 1792 1705 1828 talem

927 1835 1086 1879 gloriam
1100 1836 1290 1881 talemque
1309 1836 1529 1882 applausum
1546 1838 1710 1875 declina-

927 1892 1000 1917 res.
1019 1881 1086 1917 Ubi
1106 1883 1379 1925 Chrysostomus
1400 1896 1409 1918 :
1433 1897 1449 1916 «
1468 1885 1511 1919 Et
1531 1884 1708 1922 nimirum

926 1929 997 1964 hoc
1014 1928 1151 1965 Christi
1172 1932 1254 1964 erat
1285 1929 1410 1966 dicere
1437 1930 1485 1966 ad
1505 1942 1570 1967 eos
1594 1943 1601 1967 :
1626 1934 1707 1968 Non

927 1974 1063 2011 auditis
1082 1975 1171 2021 quid
1196 1975 1233 2010 hi
1266 1975 1432 2012 dicunt?
1468 1977 1568 2014 Sicut
1604 1979 1704 2015 enim

927 2024 1003 2058 Deo
1041 2023 1244 2058 cantabant
1279 2022 1332 2058 illi
1358 2023 1477 2069 pueri.
1515 2039 1533 2057 »
1566 2027 1610 2062 Et
1629 2026 1706 2063 ite-

927 2080 1010 2105 rum
1032 2082 1042 2104 .·
1066 2084 1083 2102 «
1104 2070 1148 2105 Et
1168 2081 1232 2106 vos
1248 2069 1381 2106 videtis
1399 2082 1481 2117 quae
1501 2083 1569 2119 ego
1587 2074 1702 2119 faci03

928 2117 1011 2152 illos
1031 2117 1228 2162 loquentes
1247 2117 1452 2163 attenditis,
1477 2123 1514 2155 et
1535 2131 1593 2156 me
1617 2121 1703 2157 saci-

928 2167 1052 2200 entem
1065 2175 1138 2199 non
1156 2164 1403 2201 consideratis
1416 2177 1424 2210 ;
1438 2177 1507 2212 ego
1523 2167 1630 2204 factis
1644 2168 1702 2204 in-

927 2214 1115 2257 terpretor
1125 2212 1536 2249 vocesi110rum:»haec
1546 2216 1700 2260 Chryso-

927 2260 1188 2294 stomus.Jesus
1205 2263 1324 2295 autem
1340 2261 1439 2296 dimit
1456 2263 1507 2297 eis
1525 2274 1535 2296 .·
1557 2265 1702 2308 Utique,

929 2305 1070 2342 scilicet
1089 2306 1214 2345 audio,
1237 2310 1273 2342 et
1299 2307 1430 2344 audire
1455 2309 1587 2347 debeo.
1617 2310 1705 2356 quia

930 2354 1001 2389 hoc
1035 2355 1092 2388 est
1121 2364 1164 2389 ex
1197 2353 1323 2390 divina
1360 2356 1707 2402 praeordinatione,

931 2400 1135 2436 secundum
1162 2401 1261 2446 quod
1283 2403 1459 2438 scribitur
1483 2402 1519 2438 in
1544 2404 1707 2441 Psalmo.

929 2450 1137 2493 Numquam
1158 2447 1256 2484 enim
1274 2449 1414 2493 leqistis
1427 2449 1567 2486 ibidem
1585 2463 1593 2487 ε
1616 2453 1711 2495 Quia

932 2506 975 2530 em
997 2506 1056 2529 ore
1089 2496 1291 2538 infantium
1318 2500 1351 2531 et
1383 2498 1595 2534 lactentium
1618 2510 1710 2545 per-—

931 2543 1055 2585 fecisti
1079 2543 1223 2577 laudem
1238 2546 1255 2578 P
1276 2544 1319 2578 Et
1336 2544 1433 2579 bene
1454 2544 1558 2589 dicit,
1582 2547 1708 2591 perfe-

934 2590 1031 2630 cisti,
1046 2589 1126 2624 laus
1147 2589 1246 2625 enim
1264 2590 1440 2627 inchoata
1459 2591 1529 2627 suit
1549 2602 1571 2628 a
1590 2594 1710 2630 turbis

936 2634 973 2671 in
995 2635 1066 2671 via.
1089 2636 1236 2672 Profert
1257 2641 1383 2673 autem
1411 2638 1457 2675 de
1479 2639 1628 2675 Psalmo
1652 2651 1709 2676 ex-

936 2682 1113 2728 emplum.
1128 2686 1181 2727 ut,
1195 2687 1342 2720 tacente
1356 2685 1528 2731 Domino,
1542 2686 1708 2722 testimo—

936 2729 1040 2765 nium
1077 2730 1352 2777 Scripturarum
1397 2734 1567 2768 firmaret
1612 2733 1710 2769 dicta

935 2787 1151 2823 puerorum.
1191 2778 1304 2821 Quasi
1343 2778 1513 2815 diceret:
1548 2781 1623 2816 Vos
1641 2780 1705 2826 qui

937 2824 1025 2860 estis
1045 2825 1278 2871 Legisperiti‚
1301 2826 1443 2863 debetis
1480 2826 1708 2874 Scripturam

1583 2890 1621 2923 13
