1907 3139
510 191 558 223 lili
601 191 827 226 l'il'l'i't'liixi:
870 194 1080 229 l0‘iLlulttssil
1121 195 1336 230 Ailssllitiji.
1690 205 1739 238 ill

117 264 205 310 quid
229 266 372 309 petant,
396 260 483 308 quia
507 261 598 297 tales
619 261 647 297 si
667 273 891 308 promoven-

117 315 189 350 tur.
206 311 300 346 male
317 309 458 344 intrant
474 312 510 344 ct
528 309 733 355 possident.
751 311 892 356 Cogno-

116 369 223 394 scens
246 357 359 401 igitur
380 355 556 392 Dominus
574 368 701 392 corum
719 357 894 401 ignoran-

117 405 205 442 tiam
245 407 282 439 ct
328 414 511 446 erroreiii‚
560 404 647 449 quia
689 404 891 441 indiscreto

114 453 304 499 petebant,
318 454 588 496 praeminenti-s
601 451 797 497 pei-veiiirc
813 453 891 489 siiic

113 498 247 535 merito
276 499 323 534 ad
356 498 514 544 gloriam
552 502 709 543 tantam,
746 501 893 536 reduxit

114 557 179 582 eos
200 546 246 581 ad
268 546 380 589 viam,
399 545 542 581 scilicet
557 548 601 581 ail
624 546 888 591 humilitatem,

114 597 150 629 et
172 604 238 628 nos
258 592 393 628 invitat
414 593 461 629 ad
476 604 557 628 eam
578 604 642 639 per
657 605 767 639 quam
790 596 890 630 veni-

114 643 174 677 tur
192 641 237 676 ad
264 640 532 676 sublimitatem
546 640 669 686 polius
691 653 803 687 quam
826 653 892 688 per

114 687 374 723 ambitionem.
409 687 477 724 Ubi
506 688 684 733 ostendit,
717 690 817 734 quod
854 689 890 725 iii

113 735 280 782 praelatis
302 735 413 771 debet
435 746 516 771 esse
530 739 638 771 tenor
653 736 888 781 humilitatis,

114 784 202 829 quia
217 794 292 818 non
317 784 456 818 delient
479 786 655 829 appetere
676 783 733 819 vel
753 784 891 830 gaude-

114 841 154 865 re
174 834 335 876 praeesse
355 830 451 866 aliis.

161 880 181 913 8
199 879 377 913 b'issizuims
397 890 458 913 EST
480 889 581 914 CALix
602 880 734 914 DOMINI
752 891 808 914 His
828 891 887 919 ori

113 936 182 960 cuii
209 936 287 960 lPSO
322 936 485 960 neeman
518 938 671 962 voLUNT.
706 948 752 952 —
783 928 887 962 Uiiile

113 972 361 1017 subjungens,
382 972 472 1007 dixit
492 973 545 1009 eis
569 986 579 1008 .·
600 976 754 1009 Potestis
768 975 888 1008 babere

109 1020 271 1059 calicem,
296 1030 399 1064 quem
421 1031 482 1064 ⁶²90
508 1021 689 1056 bibiturus
711 1032 789 1056 sum
808 1024 825 1055 P
848 1020 884 1055 iil

109 1071 163 1102 cst
199 1066 409 1110 passionem
439 1067 607 1114 martyrii
649 1071 686 1103 ct
726 1071 884 1103 mortem

109 1113 299 1149 crudelem
338 1114 524 1151 sustinere
556 1119 710 1161 propter
752 1117 881 1156 Deum,

107 1171 219 1207 quam
239 1172 308 1207 ego
323 1172 390 1207 pro
410 1162 517 1198 vobis
535 1166 571 1198 et
593 1174 657 1208 pro
680 1162 820 1207 multis,
842 1173 883 1198 ex

108 1208 265 1244 caritate
288 1219 469 1254 passurus
492 1220 574 1245 sum
595 1211 818 1252 voluntarie,
842 1222 883 1245 ac

109 1255 139 1290 si
164 1255 290 1291 bibam
312 1255 414 1291 illam
439 1261 480 1292 ut
509 1257 769 1293 delectabilem
792 1256 882 1293 cali-

109 1313 202 1346 cem,
225 1313 291 1349 per
312 1314 423 1348 quem
445 1304 563 1340 debeo
594 1305 722 1340 venire
748 1305 795 1340 ad
816 1315 882 1339 re—

110 1360 238 1395 gnum,
278 1361 354 1386 non
392 1352 614 1396 temporale,
644 1356 684 1388 ut
719 1351 882 1395 c1·e‹liti<,

111 1397 175 1432 sed
200 1400 397 1433 aetijernum.
422 1399 492 1434 Per
513 1399 665 1434 calicem
695 1400 772 1434 sere
794 1398 883 1434 ubi-

111 1455 182 1489 que
194 1455 318 1490 passio
339 1452 374 1480 et
396 1448 616 1492 martyrium
638 1446 881 1492 intelligitur:

108 1496 200 1531 tum,
220 1492 306 1537 quia
321 1491 414 1528 sicut
432 1495 525 1528 calix
536 1497 589 1529 est
612 1504 674 1529 vas
695 1504 768 1539 quo
790 1492 882 1529 bibi-

108 1542 170 1574 tur
180 1539 227 1575 ad
241 1550 472 1584 mensuram,
487 1540 538 1576 sic
549 1540 672 1587 passio
683 1551 766 1576 cum
782 1551 884 1575 men-

110 1597 197 1622 sura
229 1586 384 1632 bibitur,
409 1599 452 1623 eo
477 1588 576 1634 quod
606 1599 679 1623 non
700 1587 883 1634 permittit

111 1633 290 1670 Dominus
316 1634 505 1670 bominem
537 1635 674 1671 tentari
707 1646 820 1682 supra
844 1635 881 1670 id

107 1681 205 1726 quod
226 1685 369 1727 potest;
386 1685 478 1723 tum,
499 1682 587 1728 quia
608 1683 679 1719 cito
701 1683 796 1718 sicut
813 1693 881 1728 po-

106 1733 163 1764 tus
187 1728 338 1773 transit,
360 1729 451 1765 illud
472 1730 573 1766 enirn
595 1730 693 1775 quod
719 1730 755 1765 iii
777 1741 881 1776 prze—

105 1775 201 1812 senti
217 1779 273 1811 est
293 1776 560 1820 tribulationis,
573 1781 878 1812 momentaneum

107 1826 144 1859 et
161 1823 241 1859 leve
271 1826 352 1866 est3
379 1827 473 1867 tum,
495 1824 582 1869 quia
604 1824 778 1867 delectat,
795 1835 880 1859 nam

105 1870 231 1916 passio
269 1873 304 1906 et
330 1870 525 1906 tribulatio
560 1882 582 1907 a
607 1871 782 1907 fidelibus
813 1882 880 1917 pro

106 1917 363 1953 consolatione
394 1918 586 1964 recipitur,
609 1924 645 1954 et
667 1918 704 1954 in
726 1929 770 1953 ea
793 1919 881 1963 glo—

106 1964 265 2000 riantur.
285 1966 345 1999 Est
366 1968 491 2001 autem
510 1966 669 2001 multum
685 1965 879 2009 delicatus,

108 2011 170 2057 qui
194 2023 268 2047 non
291 2015 411 2056 potest
432 2013 561 2048 bibere
581 2018 726 2058 potum,
741 2013 786 2048 de
809 2023 880 2058 quo

104 2058 199 2095 bibit
220 2058 398 2094 Dominus
419 2069 521 2095 suus.
543 2061 645 2095 Hanc
660 2063 786 2095 autem
801 2070 881 2106 psis—

106 2105 264 2147 sionem,
287 2117 398 2152 quam
420 2107 615 2143 Matthaeus
637 2108 791 2143 calicem
817 2118 880 2142 vo-

105 2158 177 2197 cat,
197 2155 344 2189 Marcus
363 2157 399 2189 et
421 2154 573 2190 calicem
595 2159 630 2190 et
653 2155 880 2200 baptismum

106 2200 409 2246 nominat3dicit
436 2201 558 2237 enim:
584 2203 737 2237 Potestis
766 2202 882 2236 bibere

106 2249 252 2284 calicem
275 2259 378 2293 quem
399 2259 460 2292 eqo
482 2249 574 2292 bibo,
598 2253 661 2285 aut
687 2250 878 2294 baptismo,

106 2306 176 2340 quo
210 2306 271 2339 69⁰
301 2296 478 2341 baptizor,
508 2296 648 2331 scilicet
666 2307 733 2342 pro
760 2295 878 2339 vobis⁷

108 2343 305 2388 baptizari,
323 2342 463 2379 scilicet
475 2346 628 2389 propter
641 2344 725 2379 nie?
736 2342 881 2379 Tinctu-

105 2400 187 2425 ram
216 2390 413 2436 sanguinis
443 2390 499 2426 sui
525 2391 561 2425 in
595 2401 663 2426 sua
683 2391 879 2427 benedicta

107 2436 299 2479 Passione,
328 2447 396 2482 pro
431 2440 672 2484 peccatorum
700 2438 878 2473 emunda-

105 2483 209 2519 tione
231 2488 338 2520 vocat
355 2483 416 2519 hic
443 2485 683 2530 baptismum.
705 2485 806 2520 Unde
829 2484 880 2520 ait

109 2532 329 2576 Theophilus
352 2543 359 2567 :
387 2544 404 2565 «
429 2532 590 2568 Calicem
612 2535 736 2568 autem
755 2536 791 2567 ot
814 2533 878 2567 ba-

107 2577 287 2623 ptismum
314 2589 462 2615 crucem
492 2579 664 2615 nominat
688 2595 696 2616 :
727 2580 877 2614 calicem

107 2624 275 2669 quidem,
296 2628 488 2671 tamquam
505 2630 633 2671 potum
656 2626 812 2662 dulciter
833 2626 878 2661 ab

109 2671 191 2717 ipso
232 2676 471 2717 susceptum3
513 2672 738 2719 baptismum
776 2683 878 2715 vero,

108 2721 300 2765 tamquam
327 2720 632 2756 emundationem
664 2725 881 2756 nostrorum

110 2765 307 2801 facientem
334 2770 569 2812 peccatorum
591 2779 598 2803 :
622 2781 640 2800 »
661 2769 740 2803 liaec
764 2768 880 2802 Theo-

109 2814 247 2858 philus.
270 2813 379 2856 Quasi
401 2814 541 2850 diceret
562 2815 613 2850 eis
642 2826 649 2854 ;
690 2816 785 2850 ‚tuto
805 2814 880 2849 liu—

971 265 1165 302 militatem
1189 267 1374 312 passionis
1387 270 1541 307 exaltari
1564 283 1637 309 non
1661 279 1741 319 pot-

968 315 1094 356 eritis;
1111 313 1139 349 si
1157 314 1268 350 vultis
1290 325 1521 361 conregnare
1543 320 1738 367 Crucifixo,

968 359 1150 396 incumbit
1172 361 1276 397 volvis
1314 363 1445 399 tollere
1480 377 1627 402 crui-em
1662 370 1741 414 cjiis

968 408 1152 454 exemplo,
1177 408 1264 454 quia
1290 420 1398 445 nemo
1431 411 1501 447 nisi
1526 414 1627 449 tollat
1652 427 1743 452 cru-

969 466 1048 490 cem
1071 466 1189 493 suam.
1218 467 1286 502 per
1313 458 1480 503 martyrii
1515 461 1741 507 passionem,

967 504 1021 537 vel
1054 513 1121 548 per
1151 503 1308 549 proximi
1341 507 1653 551 compassionem,
1685 512 1741 545 vol

967 549 1162 595 percarnis
1188 551 1532 598 mortificationem,
1571 558 1743 602 regnabit

968 608 1050 631 cuin
1066 597 1264 633 Crucifixo.
1291 598 1355 635 Ubi
1380 600 1574 644 Gregorius
1596 615 1606 637 .·
1632 605 1740 640 «Jam

968 643 1091 679 loc-um
1128 645 1365 682 celsitudinis
1407 650 1650 694 s1i1ae1·ebant;
1695 653 1741 687 ad

967 690 1065 726 viam
1087 691 1169 727 illos
1192 694 1336 729 Veritas
1355 699 1517 740 revocat,
1545 708 1609 741 per
1630 709 1741 743 quani

966 740 1012 773 ad
1037 738 1300 776 celsitudinem
1335 742 1519 778 venirent.
1556 745 1607 780 Ac
1634 747 1661 780 si
1688 746 1742 782 cis

966 784 1112 821 dicatur
1135 797 1142 821 :
1163 788 1245 822 Jam
1268 799 1330 823 vos
1349 788 1454 825 locus
1476 791 1637 828 delectat
1657 795 1739 829 ccl-

966 832 1139 884 situdinis
1155 845 1163 877 ;
1177 835 1242 870 sed
1264 835 1364 880 prius
1381 837 1440 872 via
1459 844 1627 875 exerceat
1643 840 1743 876 labo-

966 891 1028 914 ris.
1064 883 1132 915 l'er
1150 881 1303 917 calicem
1327 883 1425 919 enim
1448 885 1674 931 pertingitur
1692 889 1739 924 ad

965 927 1213 973 majestatem.
1245 930 1279 965 Si
1315 941 1422 966 mens
1448 938 1570 969 vestra
1600 937 1742 980 appetit

966 976 1064 1019 quod
1086 974 1287 1020 demulcet,
1308 977 1410 1022 prius
1431 979 1547 1016 bibite
1562 983 1661 1027 quod
1678 983 1740 1019 do-

964 1021 1027 1056 let.
1059 1022 1117 1058 Sic
1143 1034 1211 1069 per
1239 1035 1410 1061 amarum
1443 1028 1619 1072 poculum
1650 1041 1739 1066 con-

964 1068 1152 1111 fessionis,
1177 1071 1398 1116 pervenitur
1413 1074 1460 1109 ad
1481 1076 1659 1119 gaudium
1680 1088 1737 1113 sa—

963 1116 1060 1151 lutis
1086 1131 1103 1149 >1
1139 1119 1204 1153 Ubi
1226 1121 1263 1154 et
1286 1121 1561 1164 Chrysostomus
1585 1135 1592 1158 ;
1621 1137 1637 1157 <‹
1669 1126 1739 1161 Pei·

963 1164 1117 1199 modum
1136 1165 1442 1212 interrogationis
1467 1170 1623 1206 attrabit
1659 1183 1736 1216 eos,

963 1216 1062 1262 uttex‘
1077 1212 1358 1257 communione,
1373 1225 1454 1259 quse
1471 1222 1526 1251 cst
1543 1218 1589 1252 ad
1602 1219 1736 1264 ipsum,

961 1258 1147 1294 avidiores
1166 1259 1304 1296 fierint.
1324 1262 1378 1297 Ac
1391 1265 1420 1297 si
1436 1263 1511 1299 illis
1526 1265 1647 1301 dicat:
1668 1268 1740 1302 Vos

961 1305 1006 1340 de
1017 1306 1159 1342 honore
1176 1310 1212 1342 et
1227 1307 1271 1342 de
1286 1309 1432 1345 coronis
1447 1310 1657 1357 loquimini,
1670 1325 1738 1359 ego

961 1358 1085 1388 auem
1108 1354 1153 1388 de
1175 1355 1361 1399 agonibus
1382 1360 1417 1391 et
1443 1359 1642 1395 sudoribus
1663 1361 1738 1396 dis-

963 1403 1062 1444 puto.
1090 1402 1170 1436 Non
1196 1403 1297 1437 enim
1326 1406 1382 1438 est
1403 1405 1472 1440 hoc
1498 1407 1738 1449 prfcmiorum

962 1450 1123 1493 tempus,
1147 1449 1211 1484 sed
1226 1454 1372 1495 tempus
1390 1452 1739 1499 occisionis,1›i³aeli—

961 1505 1071 1529 orum
1092 1498 1128 1530 et
1153 1495 1417 1541 periculorum.
1440 1513 1458 1531 »
1494 1501 1537 1535 Et
1563 1500 1699 1538 iterum
1728 1514 1735 1538 :

960 1543 1144 1587 Numquid
1177 1545 1364 1580 nesciebat
1402 1546 1582 1582 Dominus
1605 1576 1613 1592 ,
1652 1550 1739 1595 quia

962 1590 1182 1626 Passionem
1219 1590 1336 1637 ipsius
1370 1596 1541 1637 poterant
1561 1595 1701 1632 imitari
1722 1598 1739 1633 ἱ)

961 1636 1033 1672 Sed
1062 1637 1145 1673 ideo
1174 1637 1226 1673 eis
1247 1638 1298 1674 sic
1330 1639 1497 1685 loquitur
1531 1646 1582 1683 ut,
1615 1645 1738 1680 Domi-

962 1694 1008 1719 no
1038 1683 1314 1730 interrogante,
1340 1690 1376 1722 et
1397 1690 1450 1723 eis
1472 1691 1737 1735 respondenti-

958 1731 1039 1774 bus,
1063 1742 1194 1767 omnes
1224 1744 1292 1769 nos
1326 1734 1537 1779 audiamus,
1557 1739 1737 1783 quoniam

960 1789 1070 1814 nemo
1105 1782 1225 1824 potest
1255 1791 1338 1816 cum
1363 1782 1510 1818 Christo
1541 1795 1702 1830 regnare
1726 1815 1735 1832 ,

959 1825 1030 1860 nisi
1052 1825 1269 1862 Passionem
1293 1828 1390 1864 illius
1414 1830 1526 1865 suerit
1545 1831 1734 1877 imitatus;

958 1872 1053 1907 sicut
1084 1872 1135 1908 ait
1161 1874 1362 1919 Apostolus
1400 1887 1408 1910 z
1445 1879 1487 1913 Si
1525 1883 1737 1916 commortui

960 1930 1096 1961 sumus,
1124 1923 1157 1955 et
1181 1923 1428 1966 convivemus;
1449 1926 1482 1958 si
1499 1928 1733 1969 sustinemus,

960 1969 993 2001 et
1014 1968 1325 2010 conreqnabz'mus.
1352 1971 1424 2005 Res
1445 1971 1545 2007 enim
1572 1974 1735 2018 pretima

960 2012 1023 2047 vili
1047 2016 1165 2058 pretio
1190 2026 1266 2050 non
1285 2023 1538 2063 comparatur.
1561 2022 1735 2066 Magnum

961 2061 1130 2096 laborem
1145 2072 1298 2098 necesse
1311 2068 1366 2099 est
1382 2065 1732 2115 iiobisimpendere,

959 2107 996 2159 si·
1016 2108 1187 2144 volumus
1208 2110 1255 2145 ad
1275 2121 1392 2157 regna
1417 2113 1583 2150 coelestia
1608 2126 1737 2161 perve-

961 2165 1054 2190 mre.
1081 2155 1297 2193 Passionem
1323 2162 1448 2194 autem
1470 2161 1617 2197 Domini
1640 2163 1735 2199 dici-

960 2212 1043 2237 mus
1065 2202 1254 2249 suspicere
1288 2216 1355 2241 nos
1387 2206 1525 2243 debere
1542 2220 1550 2252 3
1570 2220 1645 2245 non
1666 2221 1735 2247 so-

959 2249 1036 2284 lum
1071 2251 1370 2295 persecutionem
1409 2255 1623 2301 Gentilium,
1670 2259 1736 2294 sed

959 2306 1110 2349 omnem
1136 2297 1304 2335 laborem
1324 2305 1362 2336 et
1385 2302 1595 2339 molestiam
1622 2316 1735 2350 quam

959 2350 1123 2389 patimur
1161 2350 1291 2382 contra
1329 2352 1482 2394 peccata
1531 2356 1732 2389 certantes.

959 2391 1051 2426 Nam
1077 2391 1107 2427 si
1130 2393 1295 2430 Gentiles
1317 2395 1536 2441 defecerint,
1560 2398 1621 2444 qui
1646 2410 1731 2445 per-

959 2443 1176 2483 sequantur,
1217 2442 1399 2487 numquid
1436 2443 1521 2479 ideo
1561 2450 1736 2493 prompta

957 2487 1129 2522 voluntas
1156 2487 1324 2524 fidelium
1351 2490 1462 2526 debet
1488 2491 1569 2528 sine
1596 2493 1731 2538 fructu,

958 2535 994 2584 effi
1013 2534 1151 2570 sterilis
1166 2545 1389 2580 permanere
1403 2539 1532 2583 Udeo,
1555 2540 1622 2575 etsi
1641 2542 1734 2576 Gen-

958 2580 1042 2615 tiles
1059 2591 1134 2616 non
1156 2583 1285 2620 habes.
1307 2583 1370 2628 qui
1392 2589 1427 2620 te
1445 2592 1732 2632 persequantur,

958 2626 1075 2679 habes
1089 2628 1293 2676 principem
1310 2631 1513 2668 Gentilium
1526 2633 1730 2677 diabolum,

958 2683 1023 2719 qui
1044 2675 1234 2712 hominem
1255 2679 1430 2724 persequi
1446 2690 1520 2715 non
1542 2685 1676 2716 cessat.
1696 2681 1731 2717 Si

959 2731 1048 2766 ergo
1072 2722 1279 2769 principem
1302 2729 1406 2770 potes
1421 2725 1619 2763 vincerein
1639 2739 1732 2773 pec—

958 2772 1138 2820 cato‚non
1160 2774 1214 2806 est
1238 2782 1417 2817 magnum
1435 2784 1612 2819 superare
1634 2774 1733 2821 prin-

959 2826 1058 2861 cipos
1077 2817 1155 2861 ejus
1172 2817 1207 2853 iii
1230 2829 1399 2865 corporo.
1421 2821 1512 2856 Ecce
1533 2822 1730 2859 ostendam
