1907 3139
604 193 656 227 1)ss
694 194 871 228 Vitttco
910 193 1208 233 lxiiJUtTATIS.
1668 192 1718 225 tot

101 262 200 310 quia,
224 263 427 300 secundum
446 263 694 307 Ambrosium,
716 264 795 300 sola
814 263 880 300 mi-

102 311 307 347 sericordia
346 314 404 347 est
439 322 564 346 comes
600 311 878 347 desunt-torum.

98 358 162 396 Cui
187 358 299 394 etiam
328 357 622 402 prudentissime
646 370 720 394 non
758 359 876 394 solum

98 405 274 441 dominus
300 405 429 449 villici,
455 405 519 441 sed
550 405 662 441 etiam
697 406 880 442 Dominus

98 451 265 488 omnium
285 453 517 498 applaudere
539 452 700 495 videtur,
724 454 879 498 subjun-

96 510 189 544 gens
216 500 262 535 ad
284 500 372 545 quid
396 501 493 535 banc
512 499 795 536 similitudinem
818 501 879 536 de-

97 545 194 582 derit
213 562 220 582 :
250 547 357 590 Quid,
380 546 514 593 inquit,
532 549 604 592 filit
624 548 734 592 hujus
749 548 876 591 seculi,

99 597 135 629 et
160 595 417 638 tenebrarum,
440 594 475 629 id
505 599 561 630 est
588 594 762 631 homines
783 598 877 630 tem-

99 640 294 687 poralibus
315 641 464 686 intenti,
492 646 528 677 et
554 645 743 678 amatores
766 653 876 678 mun-

100 688 151 732 di,
179 689 431 734 prudentiores
468 693 553 724 sunt
583 691 672 734 filiis
702 691 807 733 lucis,
840 691 879 725 in

97 738 328 782 ,qenerattame
367 747 435 772 sua
469 736 623 780 carnali,
661 736 696 771 iil
741 741 798 772 est
839 735 876 772 in

102 783 350 828 secularibus,
373 784 419 819 ad
441 794 523 829 quae
551 783 726 820 videntur
745 783 876 829 geniti.

102 831 214 873 Quasi
234 831 335 866 dicat
356 843 362 866 :
385 830 503 874 Magis
524 831 635 867 astuti
674 835 709 867 et
741 831 877 867 fervidi

101 877 245 914 suntin
287 878 572 914 carnalibuset
607 878 877 924 temporalibus

98 924 259 970 negotiis
282 926 452 971 agendis,
478 936 589 971 quam
624 925 691 960 filii
720 924 812 961 lucis
841 930 877 961 et

98 971 184 1007 vitae
207 976 371 1013 aeternae,
412 972 449 1008 id
486 976 542 1008 est
568 972 743 1009 homines
771 972 878 1018 spiri-

97 1018 262 1055 tualibus
281 1020 463 1064 deputati,
490 1024 526 1055 et
550 1023 739 1056 amatores
769 1021 878 1056 coele-

96 1066 221 1110 stium,
244 1066 319 1102 sint
351 1067 390 1102 in
423 1067 684 1113 spiritualibus
715 1067 876 1113 negotiis

100 1114 330 1150 exercendis.
363 1114 631 1151 Prudentiores
651 1118 736 1151 sunt
765 1115 817 1150 illi
839 1114 876 1149 in

98 1161 213 1204 malo,
237 1172 349 1207 quam
379 1161 440 1197 isti
478 1164 514 1197 in
540 1163 653 1198 bono.
682 1162 750 1198 Vix
774 1162 875 1198 euim

99 1207 342 1244 inveniuntur
360 1208 492 1254 aliqui,
523 1209 584 1254 qui
614 1212 759 1245 tantam
792 1220 877 1255 pru-

101 1255 267 1291 dentiam
290 1260 327 1292 et
347 1267 476 1292 curam
509 1257 649 1292 habent
684 1257 721 1291 in
754 1255 877 1301 acqui-

101 1303 227 1338 rendis
254 1303 359 1338 bonis
379 1304 531 1339 aeternis
552 1307 588 1338 et
622 1303 879 1348 permanenti—

102 1350 186 1388 bus,
207 1354 385 1395 quantam
412 1350 656 1386 calliditatem
681 1354 717 1386 et
738 1350 877 1386 sollici-

103 1397 272 1432 tudinem
303 1397 362 1433 isti
398 1398 536 1433 habent
570 1397 608 1432 in
638 1397 877 1441 acquirendis

105 1444 502 1490 bonistemporalibus
535 1447 571 1480 et
597 1444 774 1488 fugitivis.
806 1445 876 1479 Pro

105 1490 162 1526 liis
195 1492 291 1527 enim
315 1491 374 1527 die
404 1495 591 1536 noctuque
615 1491 784 1536 vigilant,
808 1502 877 1526 an-

103 1537 326 1583 gustiantur.
349 1539 536 1577 laborant.
560 1541 596 1573 ct
622 1539 742 1573 modis
760 1537 880 1574 omni-

102 1585 170 1621 bus
194 1586 287 1621 tales
303 1585 454 1621 divitias
475 1596 697 1621 coacervare
712 1597 788 1621 non
803 1596 879 1621 ces-

101 1635 199 1668 sant.
225 1633 325 1669 Sicut
348 1633 446 1668 bubo
470 1636 506 1667 et
533 1635 652 1668 cattus
671 1632 808 1668 clarius
830 1632 878 1667 vi-

101 1679 189 1715 dent
210 1680 256 1715 de
277 1683 387 1716 nocte
417 1690 530 1725 quam
560 1681 684 1719 bomo.
717 1691 791 1715 non
832 1680 878 1716 ad

100 1727 302 1773 legendum
324 1727 483 1771 litteras,
505 1727 569 1763 sed
585 1727 631 1763 ad
655 1727 878 1773 capiendum

101 1784 252 1817 mures;
275 1775 327 1810 sie
354 1773 423 1809 filii
447 1774 563 1810 seculi
585 1776 732 1810 acutius
752 1774 880 1809 vident

101 1831 213 1866 quam
232 1821 299 1856 filii
321 1821 427 1865 lucis,
446 1832 521 1857 non
536 1821 583 1856 ad
600 1821 794 1856 sciendum
816 1821 880 1855 Le-

103 1878 187 1913 gem
208 1868 287 1909 Dei,
317 1869 381 1904 sed
404 1869 450 1903 ad
481 1867 751 1913 acquirendum
779 1868 881 1903 bona

103 1915 250 1951 mundi.
280 1914 444 1951 Audiant
470 1915 551 1950 haec
573 1914 641 1950 filii
664 1914 772 1959 lucis,
803 1917 839 1950 et
859 1925 881 1950 a

104 1961 192 1997 filiis
212 1963 465 2001 tenebrarum,
489 1961 629 1997 scilicet
646 1962 756 2007 hujus
774 1972 880 1997 secu-

104 2009 143 2053 li,
179 2009 275 2044 vinci
298 2010 521 2045 erubescant
556 2010 643 2045 Ideo
668 2008 770 2044 enim
799 2009 880 2044 haee

104 2056 242 2103 scripta
260 2060 360 2100 sunt,
385 2060 423 2092 ut
443 2055 629 2092 audiendo
651 2055 877 2102 prudentio-

106 2114 167 2139 res
194 2103 303 2147 fiant,
332 2114 407 2139 non
438 2107 562 2140 autem
599 2107 639 2139 ut
670 2102 879 2148 iniquitatis

108 2149 269 2187 villicum
298 2151 494 2195 imitando,
518 2151 686 2187 fraudem
707 2151 761 2186 vel
783 2151 879 2195 inju-

107 2197 247 2233 stitiam
283 2198 321 2234 in
348 2198 473 2244 aliquo
504 2202 629 2243 agant.
661 2197 728 2233 [11ιί
753 2199 876 2233 Beda:

107 2257 124 2278 «
143 2245 305 2281 Audiant
335 2247 523 2289 sapientes
553 2246 665 2291 huJ'us
689 2244 818 2287 seculi,
840 2248 882 2279 ut

105 2292 258 2328 stultam
280 2292 505 2338 sapientiam
540 2293 731 2335 deserere,
757 2295 793 2326 vt
821 2302 880 2326 sa-

102 2338 269 2385 pientem
286 2339 351 2375 Dei
364 2338 560 2375 stultitiam
571 2339 715 2375 discere
727 2341 880 2384 queant,

104 2386 233 2432 quanti
244 2397 375 2422 eorum
390 2386 615 2432 sapientiam
631 2384 884 2431 (1111111119ᾳυί-

103 2438 165 2469 tas
188 2433 460 2477 aestimaeverit,
483 2444 577 2479 quos
598 2445 673 2469 non
693 2444 779 2469 vere
800 2443 884 2478 pru-

105 2481 251 2525 dentes,
280 2480 403 2516 sedin
434 2480 678 2526 generatione
704 2491 772 2515 sua
799 2491 883 2526 pru-

105 2527 240 2564 dentes
274 2539 357 2563 esse
378 2531 663 2563 commemorat.
686 2529 795 2563 Juxta
815 2528 885 2562 hoc

107 2576 205 2620 quod
235 2574 325 2610 alibi
347 2574 483 2610 dicitur
508 2586 515 2610 :
539 2577 601 2612 Vae
628 2577 885 2621 quisaptentes

108 2623 193 2657 estis
210 2623 250 2656 in
272 2623 385 2657 oculis
406 2624 549 2663 vestris,
575 2626 608 2657 et
627 2634 746 2658 coram
768 2622 887 2656 vobis-

111 2670 278 2713 metipsis
290 2669 486 2714 prudentes
501 2671 513 2704 J
534 2671 607 2704 Nec
631 2680 704 2704 non
727 2672 764 2704 et
786 2678 886 2703 ama-

113 2717 216 2751 tores
234 2714 319 2750 vitae
344 2720 496 2751 aeternae
517 2715 617 2752 filios
647 2715 737 2752 lucis
758 2715 885 2761 appel-

116 2762 244 2805 lando,
284 2773 359 2798 non
379 2762 479 2798 aliud
504 2774 567 2798 eos
604 2763 666 2809 qui
701 2763 887 2807 sapientes

117 2812 202 2845 sunt
226 2812 267 2844 ut
284 2809 383 2845 mala
403 2809 553 2850 saciant,
577 2811 672 2846 bene
688 2813 814 2845 autem
837 2810 887 2844 fa-

955 274 1038 300 cere
1062 261 1292 303 nescierunt,
1309 272 1418 307 quam
1446 261 1544 297 filios
1562 271 1643 297 csse
1666 263 1722 296 te-

956 312 1156 347 nebrarum
1180 309 1330 354 arguit3
1364 308 1430 343 filii
1469 311 1592 343 autem
1617 309 1722 352 luris,

956 362 992 394 et
1026 357 1092 393 filii
1122 357 1231 402 hujus
1263 355 1377 391 seculi
1420 359 1613 395 vocantur,
1653 366 1726 400 quo

955 405 1066 441 modo
1095 404 1158 440 filii
1190 403 1295 448 regni
1323 406 1359 438 et
1397 402 1462 437 filii
1494 401 1726 447 perditionis,

955 453 1061 498 cujus
1081 451 1182 487 enim
1216 451 1372 496 quisque
1402 449 1479 496 agit
1500 459 1627 493 opera.
1647 449 1728 493 ejus

956 499 1245 544 cognominatur
1265 501 1299 533 ot
1320 496 1419 533 filius
1447 511 1454 533 :
1480 510 1497 528 »
1517 496 1597 530 haec
1613 496 1725 530 Beda.

957 562 974 580 «
1005 547 1091 590 Sed,
1120 548 1192 582 hcu
1212 546 1219 581 l
1259 548 1297 581 ut
1317 544 1368 579 ait
1386 545 1638 587 Hieronymus,
1660 552 1730 577 nos

956 592 1221 630 ferventissimi
1258 603 1387 628 sumus
1410 592 1446 626 in
1466 589 1640 633 terrenis,
1667 590 1728 623 sed

955 640 1189 687 frigidissimi
1217 640 1255 675 in
1282 638 1519 681 coelestibus;
1546 646 1729 672 summam

954 688 991 724 in
1012 689 1123 724 rebus
1155 686 1280 734 parvis
1315 685 1534 723 exhibemus
1561 683 1730 719 alacrita—

953 739 1042 778 tem,
1062 736 1126 771 sed
1148 735 1194 771 ad
1217 735 1362 780 majora
1388 732 1633 779 tepescimus;
1670 740 1731 782 res

955 783 1117 818 celerem
1159 783 1344 818 liabiturae
1396 781 1511 816 finem
1561 790 1581 814 a
1620 777 1729 813 nobis

954 832 1187 875 quaernntur,
1209 829 1273 864 scd
1295 840 1352 864 rcs
1371 828 1449 863 sine
1471 827 1561 869 fine,
1589 824 1730 860 scilicet

954 877 1122 912 coelestes
1147 876 1309 919 divitias,
1342 874 1574 910 immortales
1610 873 1728 907 hono-

954 935 1027 967 res,
1074 925 1181 969 pigra
1222 923 1383 970 quadam
1427 918 1728 957 dissimulatione

952 971 1180 1017 negligimus
1201 982 1209 1006 :
1235 985 1251 1004 »
1274 971 1355 1006 haec
1376 972 1631 1012 Hieronymus.

1001 1023 1020 1054 6
1041 1020 1092 1054 ΒΕ
1109 1030 1258 1054 Tmrmm
1275 1029 1472 1054 SAPOENTtA.
1496 1028 1537 1051 ET
1555 1026 1668 1050 siems
1685 1025 1730 1049 An

953 1078 1218 1101 nmuoscsunos
1247 1077 1360 1101 FILIOS
1388 1075 1521 1107 seeum,
1546 1073 1731 1113 rimosoun

954 1125 1066 1149 meis.
1093 1134 1130 1138 -
1157 1112 1225 1149 Ubi
1261 1112 1485 1155 notandum,
1519 1110 1617 1156 quod
1644 1112 1729 1161 ‘tri-

954 1162 1037 1207 plex
1074 1164 1129 1195 est
1169 1159 1363 1205 sapientia.
1405 1158 1531 1194 Prima
1570 1166 1730 1192 nociva:

954 1211 990 1243 et
1012 1207 1081 1243 ista
1094 1210 1149 1243 est
1161 1206 1460 1250 carnalis,quam
1482 1205 1634 1240 habent:
1650 1213 1732 1238 ava-

955 1255 1000 1299 ri,
1023 1255 1061 1290 in
1088 1254 1316 1299 acquirendo
1350 1252 1526 1295 divitias3
1564 1250 1730 1302 superbi,

955 1302 993 1337 in
1032 1301 1264 1347 acquirendo
1306 1301 1494 1340 honores,·
1536 1297 1731 1335 luxuriosi.

954 1350 991 1384 in
1022 1348 1251 1393 acquirendo
1291 1347 1456 1383 delicias.
1491 1345 1596 1381 Unde
1631 1345 1734 1380 Jaco-

953 1397 1023 1432 bus
1046 1407 1054 1431 :
1076 1398 1155 1432 Non
1178 1399 1229 1430 est
1246 1397 1317 1430 ista
1338 1395 1522 1439 supientia
1543 1393 1731 1426 desursum

955 1443 1192 1485 descendens3
1214 1443 1276 1477 sed
1288 1445 1429 1477 terrena
1445 1439 1567 1485 quoad
1582 1449 1730 1481 axaros,

954 1491 1127 1525 animulis
1147 1490 1271 1534 quoad
1292 1487 1522 1529 luxuriosos,
1546 1489 1579 1520 et
1600 1486 1728 1520 (tidbo-

956 1539 1025 1572 lz'cu
1043 1537 1165 1581 quoad
1187 1537 1378 1582 superbos,
1398 1536 1585 1578 Quantum
1607 1535 1730 1568 autem

956 1585 1002 1620 ad
1024 1584 1130 1619 istam
1150 1582 1391 1629 sapientiam,
1414 1591 1544 1617 verum
1560 1583 1616 1615 est
1643 1581 1729 1624 quta

955 1633 1026 1677 filii
1048 1631 1158 1675 hujus
1175 1632 1288 1665 seculi
1303 1633 1388 1665 sunt
1407 1629 1661 1674 prudentiores
1679 1629 1730 1672 fi·-

957 1680 1018 1714 liis
1040 1680 1156 1721 lucis,·
1201 1678 1299 1713 hanc
1329 1676 1427 1712 enim
1456 1674 1523 1710 filii
1550 1674 1643 1709 lucis
1665 1685 1732 1710 as—

956 1728 1164 1772 pernantur
1182 1728 1218 1760 et
1233 1724 1393 1769 fugiunt.
1413 1743 1458 1749 -
1485 1722 1657 1759 Secunda
1674 1732 1731 1757 sa-

956 1772 1099 1819 pientia
1119 1775 1176 1808 est
1202 1772 1406 1817 superflua,
1428 1780 1512 1815 quae
1534 1772 1588 1805 est
1607 1769 1652 1804 de
1669 1768 1735 1820 im-

959 1818 1233 1865 pertinentibus
1260 1819 1307 1854 ad
1328 1818 1501 1854 salutem.
1544 1818 1616 1851 Ista
1637 1826 1736 1860 sapi-

958 1866 1061 1902 entia
1082 1871 1137 1901 est
1162 1866 1354 1901 mundana
1375 1869 1412 1900 et
1438 1863 1634 1907 secularis,
1658 1862 1735 1898 sive

957 1912 1003 1948 sit
1031 1912 1292 1959 philosophica
1322 1916 1433 1956 atque
1462 1911 1631 1957 physica,
1660 1910 1738 1945 sive

958 1959 1117 1996 scientia
1148 1959 1272 2004 legum
1295 1962 1331 1994 et
1358 1957 1615 2001 decretalium,
1653 1966 1736 2002 quae

957 2018 1025 2054 pro
1046 2009 1151 2042 tanto
1180 2006 1356 2042 dicuntur
1391 2007 1605 2051 supertluae,
1647 2004 1736 2048 quia

962 2054 1040 2090 sine
1064 2053 1137 2089 illis
1164 2056 1288 2100 potest
1306 2053 1406 2089 salus
1424 2063 1517 2088 esse.
1547 2052 1734 2094 Quantum

958 2102 1070 2137 etiam
1095 2101 1141 2136 ad
1159 2101 1269 2137 istam
1291 2099 1527 2146 sapientiam,
1537 2100 1608 2144 filit
1625 2098 1735 2142 hujus

957 2150 1069 2183 secuti
1104 2158 1207 2190 saepe
1236 2148 1495 2193 prudentiores
1531 2149 1616 2181 sunt
1642 2146 1734 2190 filiis

959 2197 1073 2239 tucis;
1114 2194 1204 2240 quia
1243 2194 1313 2230 viri
1355 2193 1570 2240 spirituales
1601 2202 1735 2239 parum

959 2245 1090 2278 curant
1109 2242 1155 2277 de
1180 2241 1319 2277 talibus
1340 2241 1520 2277 scientiis.
1546 2261 1590 2266 —-
1610 2240 1736 2275 Tertia

959 2288 1144 2335 sapientia
1165 2292 1222 2324 est
1243 2288 1473 2332 necessaria,
1500 2299 1583 2334 quae
1606 2290 1663 2324 est
1688 2287 1735 2322 de

960 2335 1243 2382 expedientibus
1258 2336 1305 2372 ad
1327 2336 1511 2378 salutem;
1534 2342 1568 2370 et
1591 2335 1663 2370 ista
1679 2336 1737 2369 est

957 2383 1139 2429 sapientia
1159 2383 1297 2425 divina,
1315 2394 1397 2429 quae
1407 2382 1577 2418 consistit
1594 2382 1631 2417 in
1648 2392 1737 2417 vera

960 2430 1026 2467 Dei
1064 2434 1100 2466 et
1147 2430 1232 2466 boni
1269 2430 1497 2477 cognitione.
1547 2430 1737 2472 Quantum

961 2480 1083 2513 autem
1107 2479 1153 2513 ad
1170 2477 1279 2513 istam
1299 2476 1536 2524 sapientiam,
1556 2476 1623 2511 filii
1646 2476 1739 2512 lucis

962 2528 1049 2560 sunt
1081 2524 1345 2570 prudentiores
1385 2535 1498 2570 quam
1534 2523 1601 2559 filii
1628 2524 1739 2570 hiiJ'us

962 2571 1096 2615 seculi;
1122 2571 1197 2607 imo
1216 2571 1255 2607 in
1277 2573 1389 2607 rebus
1413 2570 1563 2613 divinis,
1586 2570 1652 2606 filii
1674 2582 1740 2607 se—

964 2618 1050 2662 culi,
1077 2617 1252 2654 videntur
1277 2630 1358 2655 esse
1381 2618 1497 2662 stulti,
1526 2617 1593 2653 filii
1615 2622 1739 2654 autem

963 2665 1056 2701 lucis
1083 2669 1170 2701 sunt
1192 2665 1300 2701 valde
1333 2668 1522 2712 sapientes
1552 2668 1590 2700 et
1615 2665 1737 2710 provi-

965 2713 1017 2749 di.
1038 2733 1082 2740 —
1099 2712 1167 2756 Qui
1181 2716 1305 2748 autem
1331 2716 1415 2749 sunt
1431 2711 1495 2747 tilii
1512 2712 1639 2753 seculi,
1662 2722 1738 2746 non

966 2763 1123 2806 apparet
1142 2759 1365 2803 manifeste;
1392 2759 1457 2795 sed
1478 2763 1601 2794 tamen
1620 2761 1740 2803 potest

964 2807 1011 2842 de
1031 2807 1102 2842 hoc
1121 2806 1246 2852 aliqua
1265 2807 1480 2853 conjectura
1499 2805 1644 2840 haberi.
1658 2806 1738 2841 Una
