<?xml version="1.0" encoding="UTF-8"?>
<!DOCTYPE html PUBLIC "-//W3C//DTD XHTML 1.0 Transitional//EN"
    "http://www.w3.org/TR/xhtml1/DTD/xhtml1-transitional.dtd">
<html xmlns="http://www.w3.org/1999/xhtml" xml:lang="en" lang="en">
 <head>
  <title>
</title>
<meta http-equiv="Content-Type" content="text/html;charset=utf-8" />
  <meta name='ocr-system' content='tesseract 3.04.00' />
  <meta name='ocr-capabilities' content='ocr_page ocr_carea ocr_par ocr_line ocrx_word'/>
</head>
<body>
  <div class='ocr_page' id='page_1' title='image "./vitajesuchristie03ludouoft_0172.png"; bbox 0 0 1907 3139; ppageno 0'>
   <div class='ocr_carea' id='block_1_1' title="bbox 158 178 1324 218">
    <p class='ocr_par' dir='ltr' id='par_1_1' title="bbox 158 178 1324 218">
     <span class='ocr_line' id='line_1_1' title="bbox 158 178 1324 218; baseline -0.008 0"><span class='ocrx_word' id='word_1_1' title='bbox 158 187 211 218; x_wconf 76' lang='lat' dir='ltr'>lo&#39;i</span> <span class='ocrx_word' id='word_1_2' title='bbox 619 182 826 216; x_wconf 49' lang='lat' dir='ltr'>SECUNDA]</span> <span class='ocrx_word' id='word_1_3' title='bbox 864 178 1019 212; x_wconf 68' lang='lat' dir='ltr'><strong>PARTIS</strong></span> <span class='ocrx_word' id='word_1_4' title='bbox 1057 178 1192 211; x_wconf 60' lang='lat' dir='ltr'>CAPUT</span> <span class='ocrx_word' id='word_1_5' title='bbox 1234 179 1324 211; x_wconf 60' lang='lat' dir='ltr'>XM</span> 
     </span>
    </p>
   </div>
   <div class='ocr_carea' id='block_1_2' title="bbox 140 255 928 2835">
    <p class='ocr_par' dir='ltr' id='par_1_2' title="bbox 153 255 928 396">
     <span class='ocr_line' id='line_1_2' title="bbox 155 255 928 303; baseline -0.005 -10"><span class='ocrx_word' id='word_1_6' title='bbox 155 269 194 293; x_wconf 86' lang='lat' dir='ltr'>re</span> <span class='ocrx_word' id='word_1_7' title='bbox 214 259 379 303; x_wconf 86' lang='lat' dir='ltr'>portant,</span> <span class='ocrx_word' id='word_1_8' title='bbox 394 259 430 291; x_wconf 87' lang='lat' dir='ltr'>et</span> <span class='ocrx_word' id='word_1_9' title='bbox 449 266 533 292; x_wconf 82' lang='lat' dir='ltr'>euin</span> <span class='ocrx_word' id='word_1_10' title='bbox 555 256 592 291; x_wconf 93' lang='lat' dir='ltr'>in</span> <span class='ocrx_word' id='word_1_11' title='bbox 608 255 748 290; x_wconf 89' lang='lat' dir='ltr'>scelere</span> <span class='ocrx_word' id='word_1_12' title='bbox 769 264 928 300; x_wconf 84' lang='lat' dir='ltr'>sequun-</span> 
     </span>
     <span class='ocr_line' id='line_1_3' title="bbox 153 301 928 349; baseline -0.003 -11"><span class='ocrx_word' id='word_1_13' title='bbox 153 309 234 347; x_wconf 87' lang='lat' dir='ltr'>tnr;</span> <span class='ocrx_word' id='word_1_14' title='bbox 254 303 337 339; x_wconf 90' lang='lat' dir='ltr'>ideo</span> <span class='ocrx_word' id='word_1_15' title='bbox 359 304 471 339; x_wconf 86' lang='lat' dir='ltr'>etiam</span> <span class='ocrx_word' id='word_1_16' title='bbox 488 306 574 349; x_wconf 88' lang='lat' dir='ltr'>post</span> <span class='ocrx_word' id='word_1_17' title='bbox 589 313 673 338; x_wconf 87' lang='lat' dir='ltr'>eum</span> <span class='ocrx_word' id='word_1_18' title='bbox 694 301 733 337; x_wconf 92' lang='lat' dir='ltr'>in</span> <span class='ocrx_word' id='word_1_19' title='bbox 753 302 928 337; x_wconf 79' lang='lat' dir='ltr'>tenebras</span> 
     </span>
     <span class='ocr_line' id='line_1_4' title="bbox 154 351 438 396; baseline -0.007 -9"><span class='ocrx_word' id='word_1_20' title='bbox 154 351 438 396; x_wconf 88' lang='lat' dir='ltr'>demerguntur.</span> 
     </span>
    </p>

    <p class='ocr_par' dir='ltr' id='par_1_3' title="bbox 140 398 928 2835">
     <span class='ocr_line' id='line_1_5' title="bbox 200 398 927 444; baseline -0.008 -10"><span class='ocrx_word' id='word_1_21' title='bbox 200 414 219 444; x_wconf 87' lang='lat'><strong>7</strong></span> <span class='ocrx_word' id='word_1_22' title='bbox 243 399 403 434; x_wconf 71' lang='lat' dir='ltr'>Locunos</span> <span class='ocrx_word' id='word_1_23' title='bbox 424 408 489 432; x_wconf 72' lang='lat' dir='ltr'>cun</span> <span class='ocrx_word' id='word_1_24' title='bbox 515 408 644 433; x_wconf 75' lang='lat' dir='ltr'><strong>HABUIT</strong></span> <span class='ocrx_word' id='word_1_25' title='bbox 666 398 828 431; x_wconf 67' lang='lat' dir='ltr'>Doinxus</span> <span class='ocrx_word' id='word_1_26' title='bbox 845 405 927 429; x_wconf 75' lang='lat' dir='ltr'>nos-</span> 
     </span>
     <span class='ocr_line' id='line_1_6' title="bbox 155 440 927 486; baseline -0.008 -5"><span class='ocrx_word' id='word_1_27' title='bbox 155 457 224 486; x_wconf 80' lang='lat' dir='ltr'>onE</span> <span class='ocrx_word' id='word_1_28' title='bbox 243 447 343 481; x_wconf 79' lang='lat' dir='ltr'><strong>JUDAE</strong></span> <span class='ocrx_word' id='word_1_29' title='bbox 374 455 537 480; x_wconf 75' lang='lat' dir='ltr'>TRAmmT</span> <span class='ocrx_word' id='word_1_30' title='bbox 552 445 569 479; x_wconf 83' lang='lat'><strong>?</strong></span> <span class='ocrx_word' id='word_1_31' title='bbox 588 464 631 469; x_wconf 95' lang='lat'><strong>—</strong></span> <span class='ocrx_word' id='word_1_32' title='bbox 656 442 850 484; x_wconf 80' lang='lat' dir='ltr'>Dominus,</span> <span class='ocrx_word' id='word_1_33' title='bbox 870 440 927 477; x_wconf 88' lang='lat' dir='ltr'>cui</span> 
     </span>
     <span class='ocr_line' id='line_1_7' title="bbox 154 487 928 538; baseline -0.008 -10"><span class='ocrx_word' id='word_1_34' title='bbox 154 492 286 538; x_wconf 79' lang='lat' dir='ltr'>Angeli</span> <span class='ocrx_word' id='word_1_35' title='bbox 304 491 533 533; x_wconf 82' lang='lat' dir='ltr'>ministrant,</span> <span class='ocrx_word' id='word_1_36' title='bbox 553 489 860 526; x_wconf 74' lang='lat' dir='ltr'>condescendens</span> <span class='ocrx_word' id='word_1_37' title='bbox 875 487 928 523; x_wconf 92' lang='lat' dir='ltr'>in-</span> 
     </span>
     <span class='ocr_line' id='line_1_8' title="bbox 155 535 928 583; baseline -0.006 -8"><span class='ocrx_word' id='word_1_38' title='bbox 155 539 288 583; x_wconf 85' lang='lat' dir='ltr'>firmis,</span> <span class='ocrx_word' id='word_1_39' title='bbox 324 539 466 574; x_wconf 89' lang='lat' dir='ltr'>loculos</span> <span class='ocrx_word' id='word_1_40' title='bbox 503 538 678 579; x_wconf 81' lang='lat' dir='ltr'>habebat,</span> <span class='ocrx_word' id='word_1_41' title='bbox 718 538 752 571; x_wconf 92' lang='lat' dir='ltr'>in</span> <span class='ocrx_word' id='word_1_42' title='bbox 794 535 928 580; x_wconf 87' lang='lat' dir='ltr'>quibus</span> 
     </span>
     <span class='ocr_line' id='line_1_9' title="bbox 153 585 926 626; baseline -0.006 -4"><span class='ocrx_word' id='word_1_43' title='bbox 153 587 278 623; x_wconf 80' lang='lat' dir='ltr'>oblata</span> <span class='ocrx_word' id='word_1_44' title='bbox 299 585 470 621; x_wconf 79' lang='lat' dir='ltr'>fidelium</span> <span class='ocrx_word' id='word_1_45' title='bbox 496 585 756 626; x_wconf 73' lang='lat' dir='ltr'>servabantur,</span> <span class='ocrx_word' id='word_1_46' title='bbox 772 593 926 618; x_wconf 91' lang='lat' dir='ltr'>snorum</span> 
     </span>
     <span class='ocr_line' id='line_1_10' title="bbox 154 629 924 678; baseline -0.008 -9"><span class='ocrx_word' id='word_1_47' title='bbox 154 637 191 669; x_wconf 88' lang='lat' dir='ltr'>et</span> <span class='ocrx_word' id='word_1_48' title='bbox 209 632 459 678; x_wconf 82' lang='lat' dir='ltr'>indigentium</span> <span class='ocrx_word' id='word_1_49' title='bbox 484 630 770 666; x_wconf 81' lang='lat' dir='ltr'>necessitatibus</span> <span class='ocrx_word' id='word_1_50' title='bbox 796 629 924 675; x_wconf 90' lang='lat' dir='ltr'>profu-</span> 
     </span>
     <span class='ocr_line' id='line_1_11' title="bbox 157 676 927 724; baseline -0.005 -9"><span class='ocrx_word' id='word_1_51' title='bbox 157 685 252 724; x_wconf 87' lang='lat' dir='ltr'>tura,</span> <span class='ocrx_word' id='word_1_52' title='bbox 265 680 302 715; x_wconf 90' lang='lat' dir='ltr'>in</span> <span class='ocrx_word' id='word_1_53' title='bbox 321 679 471 724; x_wconf 82' lang='lat' dir='ltr'>signum</span> <span class='ocrx_word' id='word_1_54' title='bbox 487 680 584 722; x_wconf 80' lang='lat' dir='ltr'>quod</span> <span class='ocrx_word' id='word_1_55' title='bbox 606 676 770 712; x_wconf 78' lang='lat' dir='ltr'>Ecclesia</span> <span class='ocrx_word' id='word_1_56' title='bbox 788 676 927 712; x_wconf 87' lang='lat' dir='ltr'>loculos</span> 
     </span>
     <span class='ocr_line' id='line_1_12' title="bbox 156 723 927 767; baseline -0.005 -4"><span class='ocrx_word' id='word_1_57' title='bbox 156 731 238 763; x_wconf 87' lang='lat' dir='ltr'>erat</span> <span class='ocrx_word' id='word_1_58' title='bbox 256 726 452 767; x_wconf 85' lang='lat' dir='ltr'>habitura;</span> <span class='ocrx_word' id='word_1_59' title='bbox 470 728 506 760; x_wconf 91' lang='lat' dir='ltr'>et</span> <span class='ocrx_word' id='word_1_60' title='bbox 529 723 569 759; x_wconf 90' lang='lat' dir='ltr'>in</span> <span class='ocrx_word' id='word_1_61' title='bbox 591 725 660 760; x_wconf 87' lang='lat' dir='ltr'>hoc</span> <span class='ocrx_word' id='word_1_62' title='bbox 681 724 790 759; x_wconf 89' lang='lat' dir='ltr'>datur</span> <span class='ocrx_word' id='word_1_63' title='bbox 807 723 927 759; x_wconf 89' lang='lat' dir='ltr'>forma</span> 
     </span>
     <span class='ocr_line' id='line_1_13' title="bbox 156 770 925 814; baseline -0.005 -4"><span class='ocrx_word' id='word_1_64' title='bbox 156 774 332 810; x_wconf 77' lang='lat' dir='ltr'>Ecclesiae</span> <span class='ocrx_word' id='word_1_65' title='bbox 357 771 531 808; x_wconf 89' lang='lat' dir='ltr'>servandi</span> <span class='ocrx_word' id='word_1_66' title='bbox 558 770 782 807; x_wconf 78' lang='lat' dir='ltr'>necessaria.</span> <span class='ocrx_word' id='word_1_67' title='bbox 815 771 925 814; x_wconf 88' lang='lat' dir='ltr'>Sane,</span> 
     </span>
     <span class='ocr_line' id='line_1_14' title="bbox 153 817 925 864; baseline -0.006 -7"><span class='ocrx_word' id='word_1_68' title='bbox 153 832 238 857; x_wconf 89' lang='lat' dir='ltr'>cum</span> <span class='ocrx_word' id='word_1_69' title='bbox 265 821 416 856; x_wconf 89' lang='lat' dir='ltr'>doceret</span> <span class='ocrx_word' id='word_1_70' title='bbox 450 820 547 854; x_wconf 90' lang='lat' dir='ltr'>viam</span> <span class='ocrx_word' id='word_1_71' title='bbox 583 817 828 864; x_wconf 73' lang='lat' dir='ltr'>paupertatis,</span> <span class='ocrx_word' id='word_1_72' title='bbox 851 828 925 852; x_wconf 86' lang='lat' dir='ltr'>non</span> 
     </span>
     <span class='ocr_line' id='line_1_15' title="bbox 155 864 925 911; baseline -0.006 -7"><span class='ocrx_word' id='word_1_73' title='bbox 155 869 318 904; x_wconf 83' lang='lat' dir='ltr'>habebat</span> <span class='ocrx_word' id='word_1_74' title='bbox 358 866 500 903; x_wconf 86' lang='lat' dir='ltr'>loculos</span> <span class='ocrx_word' id='word_1_75' title='bbox 545 869 698 911; x_wconf 86' lang='lat' dir='ltr'>propter</span> <span class='ocrx_word' id='word_1_76' title='bbox 737 864 925 911; x_wconf 78' lang='lat' dir='ltr'>propriam</span> 
     </span>
     <span class='ocr_line' id='line_1_16' title="bbox 155 912 925 959; baseline -0.005 -9"><span class='ocrx_word' id='word_1_77' title='bbox 155 915 380 959; x_wconf 61' lang='lat' dir='ltr'>utilitatun13</span> <span class='ocrx_word' id='word_1_78' title='bbox 399 913 463 949; x_wconf 81' lang='lat' dir='ltr'>sed</span> <span class='ocrx_word' id='word_1_79' title='bbox 481 912 528 948; x_wconf 88' lang='lat' dir='ltr'>ad</span> <span class='ocrx_word' id='word_1_80' title='bbox 545 922 749 958; x_wconf 88' lang='lat' dir='ltr'>pauperum</span> <span class='ocrx_word' id='word_1_81' title='bbox 772 922 925 947; x_wconf 89' lang='lat' dir='ltr'>suorum</span> 
     </span>
     <span class='ocr_line' id='line_1_17' title="bbox 154 959 927 1007; baseline -0.005 -10"><span class='ocrx_word' id='word_1_82' title='bbox 154 965 323 1007; x_wconf 88' lang='lat' dir='ltr'>sumptus</span> <span class='ocrx_word' id='word_1_83' title='bbox 352 964 388 996; x_wconf 86' lang='lat' dir='ltr'>et</span> <span class='ocrx_word' id='word_1_84' title='bbox 420 959 695 995; x_wconf 81' lang='lat' dir='ltr'>necessitatem.</span> <span class='ocrx_word' id='word_1_85' title='bbox 718 960 822 994; x_wconf 83' lang='lat' dir='ltr'>Unde</span> <span class='ocrx_word' id='word_1_86' title='bbox 853 959 927 993; x_wconf 81' lang='lat' dir='ltr'>Au-</span> 
     </span>
     <span class='ocr_line' id='line_1_18' title="bbox 153 1004 925 1052; baseline -0.003 -9"><span class='ocrx_word' id='word_1_87' title='bbox 153 1011 322 1052; x_wconf 73' lang='lat' dir='ltr'>quscc&#39;nus</span> <span class='ocrx_word' id='word_1_88' title='bbox 344 1021 354 1042; x_wconf 90' lang='lat'>.·</span> <span class='ocrx_word' id='word_1_89' title='bbox 379 1022 398 1040; x_wconf 91' lang='lat'>«</span> <span class='ocrx_word' id='word_1_90' title='bbox 423 1007 591 1042; x_wconf 76' lang='lat' dir='ltr'>Habebat</span> <span class='ocrx_word' id='word_1_91' title='bbox 613 1004 794 1041; x_wconf 85' lang='lat' dir='ltr'>Dominus</span> <span class='ocrx_word' id='word_1_92' title='bbox 824 1006 925 1041; x_wconf 90' lang='lat' dir='ltr'>locu-</span> 
     </span>
     <span class='ocr_line' id='line_1_19' title="bbox 157 1053 926 1099; baseline -0.005 -8"><span class='ocrx_word' id='word_1_93' title='bbox 157 1056 226 1099; x_wconf 89' lang='lat' dir='ltr'>los,</span> <span class='ocrx_word' id='word_1_94' title='bbox 251 1058 288 1090; x_wconf 92' lang='lat' dir='ltr'>et</span> <span class='ocrx_word' id='word_1_95' title='bbox 312 1066 333 1090; x_wconf 91' lang='lat' dir='ltr'>a</span> <span class='ocrx_word' id='word_1_96' title='bbox 349 1053 521 1089; x_wconf 74' lang='lat' dir='ltr'>fidelibus</span> <span class='ocrx_word' id='word_1_97' title='bbox 543 1053 669 1088; x_wconf 87' lang='lat' dir='ltr'>oblata</span> <span class='ocrx_word' id='word_1_98' title='bbox 698 1062 926 1087; x_wconf 75' lang='lat' dir='ltr'>conservans</span> 
     </span>
     <span class='ocr_line' id='line_1_20' title="bbox 151 1098 924 1142; baseline -0.006 -4"><span class='ocrx_word' id='word_1_99' title='bbox 151 1113 306 1138; x_wconf 90' lang='lat' dir='ltr'>suorum</span> <span class='ocrx_word' id='word_1_100' title='bbox 342 1099 640 1142; x_wconf 87' lang='lat' dir='ltr'>necessitatibus,</span> <span class='ocrx_word' id='word_1_101' title='bbox 661 1103 698 1135; x_wconf 94' lang='lat' dir='ltr'>et</span> <span class='ocrx_word' id='word_1_102' title='bbox 723 1098 806 1134; x_wconf 90' lang='lat' dir='ltr'>aliis</span> <span class='ocrx_word' id='word_1_103' title='bbox 826 1098 924 1134; x_wconf 91' lang='lat' dir='ltr'>indi-</span> 
     </span>
     <span class='ocr_line' id='line_1_21' title="bbox 151 1145 924 1196; baseline -0.005 -12"><span class='ocrx_word' id='word_1_104' title='bbox 151 1148 325 1196; x_wconf 80' lang='lat' dir='ltr'>gentibus</span> <span class='ocrx_word' id='word_1_105' title='bbox 345 1148 546 1183; x_wconf 65' lang='lat' dir='ltr'>tribuebat.</span> <span class='ocrx_word' id='word_1_106' title='bbox 565 1148 665 1181; x_wconf 90' lang='lat' dir='ltr'>Tunc</span> <span class='ocrx_word' id='word_1_107' title='bbox 685 1145 846 1191; x_wconf 87' lang='lat' dir='ltr'>primum</span> <span class='ocrx_word' id='word_1_108' title='bbox 865 1156 924 1181; x_wconf 90' lang='lat' dir='ltr'>ec-</span> 
     </span>
     <span class='ocr_line' id='line_1_22' title="bbox 152 1192 924 1241; baseline -0.005 -10"><span class='ocrx_word' id='word_1_109' title='bbox 152 1196 370 1232; x_wconf 83' lang='lat' dir='ltr'>clesiasticae</span> <span class='ocrx_word' id='word_1_110' title='bbox 391 1192 558 1241; x_wconf 84' lang='lat' dir='ltr'>pecuniae</span> <span class='ocrx_word' id='word_1_111' title='bbox 589 1193 709 1228; x_wconf 87' lang='lat' dir='ltr'>forma</span> <span class='ocrx_word' id='word_1_112' title='bbox 733 1196 790 1228; x_wconf 88' lang='lat' dir='ltr'>est</span> <span class='ocrx_word' id='word_1_113' title='bbox 820 1192 924 1227; x_wconf 89' lang='lat' dir='ltr'>insti-</span> 
     </span>
     <span class='ocr_line' id='line_1_23' title="bbox 152 1239 925 1287; baseline -0.006 -8"><span class='ocrx_word' id='word_1_114' title='bbox 152 1246 247 1287; x_wconf 85' lang='lat' dir='ltr'>tuta,</span> <span class='ocrx_word' id='word_1_115' title='bbox 266 1249 304 1279; x_wconf 90' lang='lat' dir='ltr'>nt</span> <span class='ocrx_word' id='word_1_116' title='bbox 322 1241 621 1286; x_wconf 83' lang='lat' dir='ltr'>intelligeremus</span> <span class='ocrx_word' id='word_1_117' title='bbox 639 1239 925 1285; x_wconf 63' lang='lat' dir='ltr'>quodpraecepit</span> 
     </span>
     <span class='ocr_line' id='line_1_24' title="bbox 154 1286 923 1335; baseline -0.005 -9"><span class='ocrx_word' id='word_1_118' title='bbox 154 1301 229 1326; x_wconf 90' lang='lat' dir='ltr'>non</span> <span class='ocrx_word' id='word_1_119' title='bbox 267 1289 508 1335; x_wconf 82' lang='lat' dir='ltr'>cogitandum</span> <span class='ocrx_word' id='word_1_120' title='bbox 548 1297 629 1323; x_wconf 87' lang='lat' dir='ltr'>esse</span> <span class='ocrx_word' id='word_1_121' title='bbox 665 1287 711 1322; x_wconf 93' lang='lat' dir='ltr'>de</span> <span class='ocrx_word' id='word_1_122' title='bbox 747 1286 923 1330; x_wconf 66' lang='lat' dir='ltr'>crastino,</span> 
     </span>
     <span class='ocr_line' id='line_1_25' title="bbox 154 1333 923 1380; baseline -0.007 -7"><span class='ocrx_word' id='word_1_123' title='bbox 154 1348 230 1373; x_wconf 89' lang='lat' dir='ltr'>non</span> <span class='ocrx_word' id='word_1_124' title='bbox 250 1337 295 1373; x_wconf 90' lang='lat' dir='ltr'>ad</span> <span class='ocrx_word' id='word_1_125' title='bbox 320 1338 388 1372; x_wconf 84' lang='lat' dir='ltr'>hoc</span> <span class='ocrx_word' id='word_1_126' title='bbox 406 1335 517 1371; x_wconf 86' lang='lat' dir='ltr'>fuisse</span> <span class='ocrx_word' id='word_1_127' title='bbox 538 1338 782 1380; x_wconf 80' lang='lat' dir='ltr'>praeceptum,</span> <span class='ocrx_word' id='word_1_128' title='bbox 804 1336 844 1369; x_wconf 90' lang='lat' dir='ltr'>ut</span> <span class='ocrx_word' id='word_1_129' title='bbox 866 1333 923 1368; x_wconf 90' lang='lat' dir='ltr'>ni-</span> 
     </span>
     <span class='ocr_line' id='line_1_26' title="bbox 154 1382 921 1430; baseline -0.008 -10"><span class='ocrx_word' id='word_1_130' title='bbox 154 1384 204 1420; x_wconf 89' lang='lat' dir='ltr'>hil</span> <span class='ocrx_word' id='word_1_131' title='bbox 244 1383 415 1430; x_wconf 83' lang='lat' dir='ltr'>pecuniae</span> <span class='ocrx_word' id='word_1_132' title='bbox 454 1385 668 1417; x_wconf 84' lang='lat' dir='ltr'>servaretur</span> <span class='ocrx_word' id='word_1_133' title='bbox 705 1392 726 1415; x_wconf 87' lang='lat' dir='ltr'>a</span> <span class='ocrx_word' id='word_1_134' title='bbox 763 1382 921 1423; x_wconf 76' lang='lat' dir='ltr'>sanctis3</span> 
     </span>
     <span class='ocr_line' id='line_1_27' title="bbox 155 1427 922 1475; baseline -0.008 -8"><span class='ocrx_word' id='word_1_135' title='bbox 155 1432 220 1467; x_wconf 86' lang='lat' dir='ltr'>sed</span> <span class='ocrx_word' id='word_1_136' title='bbox 248 1442 294 1466; x_wconf 91' lang='lat' dir='ltr'>ne</span> <span class='ocrx_word' id='word_1_137' title='bbox 327 1432 402 1466; x_wconf 92' lang='lat' dir='ltr'>Deo</span> <span class='ocrx_word' id='word_1_138' title='bbox 439 1434 594 1475; x_wconf 88' lang='lat' dir='ltr'>propter</span> <span class='ocrx_word' id='word_1_139' title='bbox 626 1427 697 1462; x_wconf 84' lang='lat' dir='ltr'>ista</span> <span class='ocrx_word' id='word_1_140' title='bbox 725 1429 922 1470; x_wconf 77' lang='lat' dir='ltr'>serviatur,</span> 
     </span>
     <span class='ocr_line' id='line_1_28' title="bbox 156 1473 923 1524; baseline -0.008 -10"><span class='ocrx_word' id='word_1_141' title='bbox 156 1481 192 1514; x_wconf 90' lang='lat' dir='ltr'>et</span> <span class='ocrx_word' id='word_1_142' title='bbox 218 1482 372 1524; x_wconf 84' lang='lat' dir='ltr'>propter</span> <span class='ocrx_word' id='word_1_143' title='bbox 406 1475 540 1521; x_wconf 85' lang='lat' dir='ltr'>inopiae</span> <span class='ocrx_word' id='word_1_144' title='bbox 572 1474 743 1509; x_wconf 87' lang='lat' dir='ltr'>timorem</span> <span class='ocrx_word' id='word_1_145' title='bbox 779 1473 923 1518; x_wconf 86' lang='lat' dir='ltr'>justitia</span> 
     </span>
     <span class='ocr_line' id='line_1_29' title="bbox 154 1521 920 1560; baseline -0.007 0"><span class='ocrx_word' id='word_1_146' title='bbox 154 1525 363 1560; x_wconf 77' lang='lat' dir='ltr'>deseratur.</span> <span class='ocrx_word' id='word_1_147' title='bbox 399 1536 416 1555; x_wconf 90' lang='lat'>»</span> <span class='ocrx_word' id='word_1_148' title='bbox 446 1524 550 1557; x_wconf 83' lang='lat' dir='ltr'>Unde</span> <span class='ocrx_word' id='word_1_149' title='bbox 581 1526 618 1555; x_wconf 88' lang='lat' dir='ltr'>et</span> <span class='ocrx_word' id='word_1_150' title='bbox 652 1521 824 1556; x_wconf 68' lang='lat' dir='ltr'>Nicolnus</span> <span class='ocrx_word' id='word_1_151' title='bbox 857 1522 920 1559; x_wconf 86' lang='grc' dir='ltr'><em>ΙΙΙ,</em></span> 
     </span>
     <span class='ocr_line' id='line_1_30' title="bbox 155 1566 922 1611; baseline -0.009 -4"><span class='ocrx_word' id='word_1_152' title='bbox 155 1571 193 1607; x_wconf 88' lang='lat' dir='ltr'>in</span> <span class='ocrx_word' id='word_1_153' title='bbox 214 1570 440 1607; x_wconf 83' lang='lat' dir='ltr'>declarando</span> <span class='ocrx_word' id='word_1_154' title='bbox 468 1567 636 1611; x_wconf 69' lang='lat' dir='ltr'>regulam</span> <span class='ocrx_word' id='word_1_155' title='bbox 664 1568 832 1601; x_wconf 88' lang='lat' dir='ltr'>Fratrum</span> <span class='ocrx_word' id='word_1_156' title='bbox 861 1566 922 1601; x_wconf 89' lang='lat' dir='ltr'>Mi-</span> 
     </span>
     <span class='ocr_line' id='line_1_31' title="bbox 154 1612 922 1659; baseline -0.009 -5"><span class='ocrx_word' id='word_1_157' title='bbox 154 1629 287 1654; x_wconf 89' lang='lat' dir='ltr'>norum</span> <span class='ocrx_word' id='word_1_158' title='bbox 316 1629 323 1652; x_wconf 88' lang='lat'>:</span> <span class='ocrx_word' id='word_1_159' title='bbox 358 1630 375 1649; x_wconf 88' lang='lat'>«</span> <span class='ocrx_word' id='word_1_160' title='bbox 407 1615 570 1651; x_wconf 83' lang='lat' dir='ltr'>Dicimus</span> <span class='ocrx_word' id='word_1_161' title='bbox 603 1613 701 1659; x_wconf 85' lang='lat' dir='ltr'>quod</span> <span class='ocrx_word' id='word_1_162' title='bbox 736 1612 922 1649; x_wconf 82' lang='lat' dir='ltr'>abdicatio</span> 
     </span>
     <span class='ocr_line' id='line_1_32' title="bbox 154 1661 922 1712; baseline -0.009 -11"><span class='ocrx_word' id='word_1_163' title='bbox 154 1663 393 1712; x_wconf 72' lang='lat' dir='ltr'>proprietatis</span> <span class='ocrx_word' id='word_1_164' title='bbox 431 1661 597 1698; x_wconf 84' lang='lat' dir='ltr'>omnium</span> <span class='ocrx_word' id='word_1_165' title='bbox 630 1670 770 1703; x_wconf 90' lang='lat' dir='ltr'>rerum,</span> <span class='ocrx_word' id='word_1_166' title='bbox 789 1664 864 1695; x_wconf 87' lang='lat' dir='ltr'>tam</span> <span class='ocrx_word' id='word_1_167' title='bbox 887 1661 922 1695; x_wconf 88' lang='lat' dir='ltr'>in</span> 
     </span>
     <span class='ocr_line' id='line_1_33' title="bbox 153 1706 923 1758; baseline -0.009 -10"><span class='ocrx_word' id='word_1_168' title='bbox 153 1712 303 1758; x_wconf 86' lang='lat' dir='ltr'>speciali</span> <span class='ocrx_word' id='word_1_169' title='bbox 319 1720 432 1757; x_wconf 82' lang='lat' dir='ltr'>quam</span> <span class='ocrx_word' id='word_1_170' title='bbox 454 1709 492 1744; x_wconf 90' lang='lat' dir='ltr'>in</span> <span class='ocrx_word' id='word_1_171' title='bbox 507 1706 709 1749; x_wconf 83' lang='lat' dir='ltr'>communi,</span> <span class='ocrx_word' id='word_1_172' title='bbox 732 1706 923 1742; x_wconf 89' lang='lat' dir='ltr'>meritoria</span> 
     </span>
     <span class='ocr_line' id='line_1_34' title="bbox 153 1753 922 1801; baseline -0.009 -5"><span class='ocrx_word' id='word_1_173' title='bbox 153 1763 209 1796; x_wconf 86' lang='lat' dir='ltr'>est</span> <span class='ocrx_word' id='word_1_174' title='bbox 242 1762 277 1795; x_wconf 89' lang='lat' dir='ltr'>et</span> <span class='ocrx_word' id='word_1_175' title='bbox 313 1761 454 1799; x_wconf 87' lang='lat' dir='ltr'>sancta,</span> <span class='ocrx_word' id='word_1_176' title='bbox 476 1766 588 1801; x_wconf 88' lang='lat' dir='ltr'>quam</span> <span class='ocrx_word' id='word_1_177' title='bbox 617 1754 799 1797; x_wconf 83' lang='lat' dir='ltr'>Christus,</span> <span class='ocrx_word' id='word_1_178' title='bbox 825 1753 922 1789; x_wconf 81' lang='lat' dir='ltr'>viam</span> 
     </span>
     <span class='ocr_line' id='line_1_35' title="bbox 151 1801 921 1853; baseline -0.008 -11"><span class='ocrx_word' id='word_1_179' title='bbox 151 1804 391 1853; x_wconf 78' lang='lat' dir='ltr'>perfectionis</span> <span class='ocrx_word' id='word_1_180' title='bbox 423 1801 638 1844; x_wconf 69' lang='lat' dir='ltr'>ostendens,</span> <span class='ocrx_word' id='word_1_181' title='bbox 667 1806 703 1837; x_wconf 93' lang='lat' dir='ltr'>et</span> <span class='ocrx_word' id='word_1_182' title='bbox 722 1802 834 1836; x_wconf 73' lang='lat' dir='ltr'>verbo</span> <span class='ocrx_word' id='word_1_183' title='bbox 857 1801 921 1836; x_wconf 94' lang='lat' dir='ltr'>do-</span> 
     </span>
     <span class='ocr_line' id='line_1_36' title="bbox 152 1847 922 1897; baseline -0.008 -8"><span class='ocrx_word' id='word_1_184' title='bbox 152 1853 242 1897; x_wconf 87' lang='lat' dir='ltr'>cuit,</span> <span class='ocrx_word' id='word_1_185' title='bbox 278 1856 314 1888; x_wconf 90' lang='lat' dir='ltr'>et</span> <span class='ocrx_word' id='word_1_186' title='bbox 357 1850 525 1896; x_wconf 81' lang='lat' dir='ltr'>exemplo</span> <span class='ocrx_word' id='word_1_187' title='bbox 564 1848 737 1883; x_wconf 79' lang='lat' dir='ltr'>firmavit.</span> <span class='ocrx_word' id='word_1_188' title='bbox 760 1849 832 1883; x_wconf 81' lang='lat' dir='ltr'>Nec</span> <span class='ocrx_word' id='word_1_189' title='bbox 866 1847 922 1883; x_wconf 88' lang='lat' dir='ltr'>bis</span> 
     </span>
     <span class='ocr_line' id='line_1_37' title="bbox 150 1894 923 1946; baseline -0.008 -11"><span class='ocrx_word' id='word_1_190' title='bbox 150 1900 350 1946; x_wconf 81' lang='lat' dir='ltr'>quisquam</span> <span class='ocrx_word' id='word_1_191' title='bbox 382 1902 486 1944; x_wconf 86' lang='lat' dir='ltr'>putet</span> <span class='ocrx_word' id='word_1_192' title='bbox 519 1895 716 1935; x_wconf 85' lang='lat' dir='ltr'>obsistere,</span> <span class='ocrx_word' id='word_1_193' title='bbox 737 1894 836 1940; x_wconf 84' lang='lat' dir='ltr'>quod</span> <span class='ocrx_word' id='word_1_194' title='bbox 872 1894 923 1930; x_wconf 91' lang='lat' dir='ltr'>in-</span> 
     </span>
     <span class='ocr_line' id='line_1_38' title="bbox 152 1942 919 1983; baseline -0.008 0"><span class='ocrx_word' id='word_1_195' title='bbox 152 1947 299 1983; x_wconf 88' lang='lat' dir='ltr'>terdum</span> <span class='ocrx_word' id='word_1_196' title='bbox 319 1945 455 1981; x_wconf 87' lang='lat' dir='ltr'>dicitur</span> <span class='ocrx_word' id='word_1_197' title='bbox 477 1943 663 1980; x_wconf 80' lang='lat' dir='ltr'>Christum</span> <span class='ocrx_word' id='word_1_198' title='bbox 695 1942 834 1977; x_wconf 88' lang='lat' dir='ltr'>loculos</span> <span class='ocrx_word' id='word_1_199' title='bbox 855 1942 919 1977; x_wconf 88' lang='lat' dir='ltr'>ha-</span> 
     </span>
     <span class='ocr_line' id='line_1_39' title="bbox 154 1989 922 2034; baseline -0.008 -4"><span class='ocrx_word' id='word_1_200' title='bbox 154 1994 292 2030; x_wconf 72' lang='lat' dir='ltr'>buisse.</span> <span class='ocrx_word' id='word_1_201' title='bbox 315 1995 408 2029; x_wconf 84' lang='lat' dir='ltr'>Nam</span> <span class='ocrx_word' id='word_1_202' title='bbox 439 1990 468 2027; x_wconf 86' lang='lat' dir='ltr'>si</span> <span class='ocrx_word' id='word_1_203' title='bbox 501 1989 683 2033; x_wconf 67' lang='lat' dir='ltr'>Christus,</span> <span class='ocrx_word' id='word_1_204' title='bbox 705 1989 809 2034; x_wconf 75' lang='lat' dir='ltr'>quns</span> <span class='ocrx_word' id='word_1_205' title='bbox 829 1999 922 2034; x_wconf 83' lang='lat' dir='ltr'>per-</span> 
     </span>
     <span class='ocr_line' id='line_1_40' title="bbox 154 2035 921 2085; baseline -0.005 -10"><span class='ocrx_word' id='word_1_206' title='bbox 154 2042 250 2077; x_wconf 87' lang='lat' dir='ltr'>fecta</span> <span class='ocrx_word' id='word_1_207' title='bbox 261 2044 347 2076; x_wconf 64' lang='lat' dir='ltr'>sunt</span> <span class='ocrx_word' id='word_1_208' title='bbox 365 2049 492 2085; x_wconf 71' lang='lat' dir='ltr'>opera,</span> <span class='ocrx_word' id='word_1_209' title='bbox 516 2037 553 2072; x_wconf 91' lang='lat' dir='ltr'>in</span> <span class='ocrx_word' id='word_1_210' title='bbox 572 2036 648 2072; x_wconf 83' lang='lat' dir='ltr'>suis</span> <span class='ocrx_word' id='word_1_211' title='bbox 667 2035 810 2071; x_wconf 81' lang='lat' dir='ltr'>actibus</span> <span class='ocrx_word' id='word_1_212' title='bbox 824 2035 921 2071; x_wconf 75' lang='lat' dir='ltr'>viam</span> 
     </span>
     <span class='ocr_line' id='line_1_41' title="bbox 150 2082 922 2133; baseline -0.009 -9"><span class='ocrx_word' id='word_1_213' title='bbox 150 2086 392 2133; x_wconf 87' lang='lat' dir='ltr'>perfectionis</span> <span class='ocrx_word' id='word_1_214' title='bbox 404 2084 585 2127; x_wconf 80' lang='lat' dir='ltr'>exercuit3</span> <span class='ocrx_word' id='word_1_215' title='bbox 606 2083 792 2118; x_wconf 89' lang='lat' dir='ltr'>interdum</span> <span class='ocrx_word' id='word_1_216' title='bbox 810 2082 922 2118; x_wconf 86' lang='lat' dir='ltr'>etiam</span> 
     </span>
     <span class='ocr_line' id='line_1_42' title="bbox 154 2130 920 2178; baseline -0.008 -8"><span class='ocrx_word' id='word_1_217' title='bbox 154 2135 389 2170; x_wconf 82' lang='lat' dir='ltr'>infirmorum</span> <span class='ocrx_word' id='word_1_218' title='bbox 417 2130 762 2178; x_wconf 85' lang='lat' dir='ltr'>imperfectionibus</span> <span class='ocrx_word' id='word_1_219' title='bbox 783 2130 920 2165; x_wconf 89' lang='lat' dir='ltr'>conde-</span> 
     </span>
     <span class='ocr_line' id='line_1_43' title="bbox 150 2177 920 2224; baseline -0.006 -8"><span class='ocrx_word' id='word_1_220' title='bbox 150 2182 307 2224; x_wconf 78' lang='lat' dir='ltr'>scendit,</span> <span class='ocrx_word' id='word_1_221' title='bbox 330 2184 371 2216; x_wconf 90' lang='lat' dir='ltr'>nt</span> <span class='ocrx_word' id='word_1_222' title='bbox 397 2180 450 2215; x_wconf 90' lang='lat' dir='ltr'>sic</span> <span class='ocrx_word' id='word_1_223' title='bbox 480 2182 517 2215; x_wconf 86' lang='lat' dir='ltr'>et</span> <span class='ocrx_word' id='word_1_224' title='bbox 545 2177 644 2213; x_wconf 76' lang='lat' dir='ltr'>viam</span> <span class='ocrx_word' id='word_1_225' title='bbox 683 2177 920 2221; x_wconf 84' lang='lat' dir='ltr'>perfectionis</span> 
     </span>
     <span class='ocr_line' id='line_1_44' title="bbox 151 2223 920 2272; baseline -0.007 -8"><span class='ocrx_word' id='word_1_226' title='bbox 151 2229 356 2267; x_wconf 84' lang='lat' dir='ltr'>extolleret,</span> <span class='ocrx_word' id='word_1_227' title='bbox 374 2230 410 2262; x_wconf 89' lang='lat' dir='ltr'>et</span> <span class='ocrx_word' id='word_1_228' title='bbox 426 2226 730 2272; x_wconf 85' lang='lat' dir='ltr'>imperfectorum</span> <span class='ocrx_word' id='word_1_229' title='bbox 752 2223 920 2259; x_wconf 80' lang='lat' dir='ltr'>infirmas</span> 
     </span>
     <span class='ocr_line' id='line_1_45' title="bbox 151 2270 921 2310; baseline -0.008 0"><span class='ocrx_word' id='word_1_230' title='bbox 151 2276 304 2310; x_wconf 86' lang='lat' dir='ltr'>semitas</span> <span class='ocrx_word' id='word_1_231' title='bbox 334 2284 407 2309; x_wconf 92' lang='lat' dir='ltr'>non</span> <span class='ocrx_word' id='word_1_232' title='bbox 434 2273 644 2309; x_wconf 87' lang='lat' dir='ltr'>damnaret.</span> <span class='ocrx_word' id='word_1_233' title='bbox 671 2270 729 2307; x_wconf 80' lang='lat' dir='ltr'>sie</span> <span class='ocrx_word' id='word_1_234' title='bbox 754 2270 921 2306; x_wconf 81' lang='lat' dir='ltr'>infirmo-</span> 
     </span>
     <span class='ocr_line' id='line_1_46' title="bbox 150 2317 917 2366; baseline -0.004 -10"><span class='ocrx_word' id='word_1_235' title='bbox 150 2332 231 2357; x_wconf 88' lang='lat' dir='ltr'>rum</span> <span class='ocrx_word' id='word_1_236' title='bbox 258 2330 456 2366; x_wconf 82' lang='lat' dir='ltr'>personam</span> <span class='ocrx_word' id='word_1_237' title='bbox 493 2319 663 2355; x_wconf 87' lang='lat' dir='ltr'>Christus</span> <span class='ocrx_word' id='word_1_238' title='bbox 698 2318 857 2363; x_wconf 78' lang='lat' dir='ltr'>suscepit</span> <span class='ocrx_word' id='word_1_239' title='bbox 880 2317 917 2353; x_wconf 90' lang='lat' dir='ltr'>in</span> 
     </span>
     <span class='ocr_line' id='line_1_47' title="bbox 146 2364 916 2411; baseline -0.006 -7"><span class='ocrx_word' id='word_1_240' title='bbox 146 2367 301 2411; x_wconf 87' lang='lat' dir='ltr'>loeulis;</span> <span class='ocrx_word' id='word_1_241' title='bbox 323 2368 375 2403; x_wconf 91' lang='lat' dir='ltr'>sic</span> <span class='ocrx_word' id='word_1_242' title='bbox 396 2370 433 2402; x_wconf 91' lang='lat' dir='ltr'>et</span> <span class='ocrx_word' id='word_1_243' title='bbox 458 2366 496 2402; x_wconf 92' lang='lat' dir='ltr'>in</span> <span class='ocrx_word' id='word_1_244' title='bbox 512 2364 700 2401; x_wconf 92' lang='lat' dir='ltr'>nonnullis</span> <span class='ocrx_word' id='word_1_245' title='bbox 720 2364 816 2409; x_wconf 86' lang='lat' dir='ltr'>aliis,</span> <span class='ocrx_word' id='word_1_246' title='bbox 843 2375 916 2400; x_wconf 90' lang='lat' dir='ltr'>non</span> 
     </span>
     <span class='ocr_line' id='line_1_48' title="bbox 142 2412 917 2457; baseline -0.004 -7"><span class='ocrx_word' id='word_1_247' title='bbox 142 2418 287 2450; x_wconf 88' lang='lat' dir='ltr'>tantum</span> <span class='ocrx_word' id='word_1_248' title='bbox 311 2424 439 2457; x_wconf 84' lang='lat' dir='ltr'>carne,</span> <span class='ocrx_word' id='word_1_249' title='bbox 460 2413 525 2448; x_wconf 86' lang='lat' dir='ltr'>sed</span> <span class='ocrx_word' id='word_1_250' title='bbox 561 2418 597 2447; x_wconf 88' lang='lat' dir='ltr'>et</span> <span class='ocrx_word' id='word_1_251' title='bbox 628 2415 752 2447; x_wconf 89' lang='lat' dir='ltr'>mente</span> <span class='ocrx_word' id='word_1_252' title='bbox 772 2412 917 2447; x_wconf 87' lang='lat' dir='ltr'>conde-</span> 
     </span>
     <span class='ocr_line' id='line_1_49' title="bbox 140 2458 916 2504; baseline -0.004 -7"><span class='ocrx_word' id='word_1_253' title='bbox 140 2461 286 2497; x_wconf 87' lang='lat' dir='ltr'>scendit</span> <span class='ocrx_word' id='word_1_254' title='bbox 321 2460 495 2496; x_wconf 83' lang='lat' dir='ltr'>infirmis.</span> <span class='ocrx_word' id='word_1_255' title='bbox 516 2458 597 2504; x_wconf 77' lang='lat' dir='ltr'>Egit</span> <span class='ocrx_word' id='word_1_256' title='bbox 627 2469 716 2503; x_wconf 81' lang='lat' dir='ltr'>ergo</span> <span class='ocrx_word' id='word_1_257' title='bbox 747 2459 916 2494; x_wconf 86' lang='lat' dir='ltr'>Christus</span> 
     </span>
     <span class='ocr_line' id='line_1_50' title="bbox 142 2505 913 2552; baseline -0.005 -8"><span class='ocrx_word' id='word_1_258' title='bbox 142 2508 275 2552; x_wconf 86' lang='lat' dir='ltr'>fortia,</span> <span class='ocrx_word' id='word_1_259' title='bbox 319 2508 455 2543; x_wconf 84' lang='lat' dir='ltr'>docens</span> <span class='ocrx_word' id='word_1_260' title='bbox 500 2505 742 2552; x_wconf 87' lang='lat' dir='ltr'>perfectionis</span> <span class='ocrx_word' id='word_1_261' title='bbox 783 2516 913 2550; x_wconf 79' lang='lat' dir='ltr'>opera3</span> 
     </span>
     <span class='ocr_line' id='line_1_51' title="bbox 144 2551 914 2601; baseline -0.006 -10"><span class='ocrx_word' id='word_1_262' title='bbox 144 2555 220 2601; x_wconf 86' lang='lat' dir='ltr'>egit</span> <span class='ocrx_word' id='word_1_263' title='bbox 240 2554 351 2590; x_wconf 86' lang='lat' dir='ltr'>etiarn</span> <span class='ocrx_word' id='word_1_264' title='bbox 373 2557 409 2589; x_wconf 90' lang='lat' dir='ltr'>et</span> <span class='ocrx_word' id='word_1_265' title='bbox 426 2553 591 2595; x_wconf 83' lang='lat' dir='ltr'>infirma,</span> <span class='ocrx_word' id='word_1_266' title='bbox 612 2551 707 2587; x_wconf 84' lang='lat' dir='ltr'>sicut</span> <span class='ocrx_word' id='word_1_267' title='bbox 727 2551 914 2587; x_wconf 88' lang='lat' dir='ltr'>interdum</span> 
     </span>
     <span class='ocr_line' id='line_1_52' title="bbox 142 2598 916 2648; baseline -0.005 -11"><span class='ocrx_word' id='word_1_268' title='bbox 142 2601 180 2637; x_wconf 92' lang='lat' dir='ltr'>in</span> <span class='ocrx_word' id='word_1_269' title='bbox 201 2602 287 2648; x_wconf 79' lang='lat' dir='ltr'>fuga</span> <span class='ocrx_word' id='word_1_270' title='bbox 309 2600 428 2647; x_wconf 83' lang='lat' dir='ltr'>patuit</span> <span class='ocrx_word' id='word_1_271' title='bbox 459 2603 495 2635; x_wconf 87' lang='lat' dir='ltr'>et</span> <span class='ocrx_word' id='word_1_272' title='bbox 521 2598 668 2642; x_wconf 72' lang='lat' dir='ltr'>loculis,</span> <span class='ocrx_word' id='word_1_273' title='bbox 691 2599 753 2633; x_wconf 87' lang='lat' dir='ltr'>sed</span> <span class='ocrx_word' id='word_1_274' title='bbox 776 2603 916 2634; x_wconf 80' lang='lat' dir='ltr'>utrum-</span> 
     </span>
     <span class='ocr_line' id='line_1_53' title="bbox 143 2645 914 2695; baseline -0.005 -10"><span class='ocrx_word' id='word_1_275' title='bbox 143 2659 214 2694; x_wconf 85' lang='lat' dir='ltr'>que</span> <span class='ocrx_word' id='word_1_276' title='bbox 251 2650 430 2695; x_wconf 89' lang='lat' dir='ltr'>perfecte,</span> <span class='ocrx_word' id='word_1_277' title='bbox 456 2648 643 2692; x_wconf 81' lang='lat' dir='ltr'>perfectus</span> <span class='ocrx_word' id='word_1_278' title='bbox 677 2645 851 2689; x_wconf 80' lang='lat' dir='ltr'>existens,</span> <span class='ocrx_word' id='word_1_279' title='bbox 874 2650 914 2681; x_wconf 88' lang='lat' dir='ltr'>ut</span> 
     </span>
     <span class='ocr_line' id='line_1_54' title="bbox 141 2692 914 2742; baseline -0.005 -10"><span class='ocrx_word' id='word_1_280' title='bbox 141 2695 316 2742; x_wconf 85' lang='lat' dir='ltr'>perfectis</span> <span class='ocrx_word' id='word_1_281' title='bbox 342 2698 379 2730; x_wconf 88' lang='lat' dir='ltr'>et</span> <span class='ocrx_word' id='word_1_282' title='bbox 404 2692 630 2739; x_wconf 79' lang='lat' dir='ltr'>imperfectis</span> <span class='ocrx_word' id='word_1_283' title='bbox 655 2692 751 2727; x_wconf 88' lang='lat' dir='ltr'>viam</span> <span class='ocrx_word' id='word_1_284' title='bbox 785 2693 914 2728; x_wconf 70' lang='lat' dir='ltr'>salutis</span> 
     </span>
     <span class='ocr_line' id='line_1_55' title="bbox 141 2740 912 2779; baseline -0.004 -1"><span class='ocrx_word' id='word_1_285' title='bbox 141 2744 357 2779; x_wconf 86' lang='lat' dir='ltr'>ostenderet</span> <span class='ocrx_word' id='word_1_286' title='bbox 378 2754 388 2776; x_wconf 85' lang='lat'>:</span> <span class='ocrx_word' id='word_1_287' title='bbox 422 2755 440 2773; x_wconf 85' lang='lat'>»</span> <span class='ocrx_word' id='word_1_288' title='bbox 464 2741 543 2776; x_wconf 85' lang='lat' dir='ltr'>haec</span> <span class='ocrx_word' id='word_1_289' title='bbox 563 2740 737 2777; x_wconf 68' lang='lat' dir='ltr'>Nicotaus</span> <span class='ocrx_word' id='word_1_290' title='bbox 762 2741 821 2774; x_wconf 94' lang='lat' dir='ltr'>III.</span> <span class='ocrx_word' id='word_1_291' title='bbox 841 2740 912 2775; x_wconf 85' lang='lat' dir='ltr'>Sed</span> 
     </span>
     <span class='ocr_line' id='line_1_56' title="bbox 142 2786 910 2835; baseline -0.005 -9"><span class='ocrx_word' id='word_1_292' title='bbox 142 2800 260 2835; x_wconf 79' lang='lat' dir='ltr'>quare</span> <span class='ocrx_word' id='word_1_293' title='bbox 292 2787 473 2825; x_wconf 86' lang='lat' dir='ltr'>Dominus</span> <span class='ocrx_word' id='word_1_294' title='bbox 494 2786 565 2824; x_wconf 89' lang='lat' dir='ltr'>furi</span> <span class='ocrx_word' id='word_1_295' title='bbox 590 2786 733 2822; x_wconf 91' lang='lat' dir='ltr'>loculos</span> <span class='ocrx_word' id='word_1_296' title='bbox 754 2786 910 2822; x_wconf 87' lang='lat' dir='ltr'>commi-</span> 
     </span>
    </p>
   </div>
   <div class='ocr_carea' id='block_1_3' title="bbox 1003 250 1775 439">
    <p class='ocr_par' dir='ltr' id='par_1_4' title="bbox 1003 250 1775 439">
     <span class='ocr_line' id='line_1_57' title="bbox 1005 250 1774 296; baseline -0.005 -8"><span class='ocrx_word' id='word_1_297' title='bbox 1005 251 1066 295; x_wconf 85' lang='lat' dir='ltr'>sit,</span> <span class='ocrx_word' id='word_1_298' title='bbox 1089 256 1126 287; x_wconf 86' lang='lat' dir='ltr'>et</span> <span class='ocrx_word' id='word_1_299' title='bbox 1146 261 1299 287; x_wconf 88' lang='lat' dir='ltr'>avarum</span> <span class='ocrx_word' id='word_1_300' title='bbox 1335 261 1442 286; x_wconf 82' lang='lat' dir='ltr'>suum</span> <span class='ocrx_word' id='word_1_301' title='bbox 1478 250 1774 296; x_wconf 74' lang='lat' dir='ltr'>dispensatorem</span> 
     </span>
     <span class='ocr_line' id='line_1_58' title="bbox 1003 297 1773 343; baseline -0.003 -9"><span class='ocrx_word' id='word_1_302' title='bbox 1003 298 1116 335; x_wconf 79' lang='lat' dir='ltr'>tecit?</span> <span class='ocrx_word' id='word_1_303' title='bbox 1146 298 1301 335; x_wconf 92' lang='lat' dir='ltr'>Videtur</span> <span class='ocrx_word' id='word_1_304' title='bbox 1340 297 1439 333; x_wconf 90' lang='lat' dir='ltr'>enim</span> <span class='ocrx_word' id='word_1_305' title='bbox 1475 297 1573 343; x_wconf 84' lang='lat' dir='ltr'>quod</span> <span class='ocrx_word' id='word_1_306' title='bbox 1608 297 1640 332; x_wconf 91' lang='lat' dir='ltr'>ei</span> <span class='ocrx_word' id='word_1_307' title='bbox 1669 307 1773 332; x_wconf 85' lang='lat' dir='ltr'>occa-</span> 
     </span>
     <span class='ocr_line' id='line_1_59' title="bbox 1004 344 1775 391; baseline -0.004 -10"><span class='ocrx_word' id='word_1_308' title='bbox 1004 345 1147 381; x_wconf 83' lang='lat' dir='ltr'>sionem</span> <span class='ocrx_word' id='word_1_309' title='bbox 1176 344 1354 391; x_wconf 85' lang='lat' dir='ltr'>peccandi</span> <span class='ocrx_word' id='word_1_310' title='bbox 1385 344 1543 380; x_wconf 78' lang='lat' dir='ltr'>dederit.</span> <span class='ocrx_word' id='word_1_311' title='bbox 1571 344 1775 380; x_wconf 79' lang='lat' dir='ltr'>Diceidum</span> 
     </span>
     <span class='ocr_line' id='line_1_60' title="bbox 1003 390 1774 439; baseline -0.004 -11"><span class='ocrx_word' id='word_1_312' title='bbox 1003 393 1101 439; x_wconf 72' lang='lat' dir='ltr'>quud</span> <span class='ocrx_word' id='word_1_313' title='bbox 1115 393 1228 429; x_wconf 78' lang='lat' dir='ltr'>Judas</span> <span class='ocrx_word' id='word_1_314' title='bbox 1246 391 1366 438; x_wconf 79' lang='lat' dir='ltr'>primo</span> <span class='ocrx_word' id='word_1_315' title='bbox 1384 393 1452 428; x_wconf 82' lang='lat' dir='ltr'>fuit</span> <span class='ocrx_word' id='word_1_316' title='bbox 1470 393 1602 435; x_wconf 64' lang='lat' dir='ltr'>boum,</span> <span class='ocrx_word' id='word_1_317' title='bbox 1626 390 1774 436; x_wconf 87' lang='lat' dir='ltr'>quando</span> 
     </span>
    </p>
   </div>
   <div class='ocr_carea' id='block_1_4' title="bbox 1002 438 1777 485">
    <p class='ocr_par' dir='ltr' id='par_1_5' title="bbox 1002 438 1777 485">
     <span class='ocr_line' id='line_1_61' title="bbox 1002 438 1777 485; baseline -0.003 -10"><span class='ocrx_word' id='word_1_318' title='bbox 1002 443 1156 475; x_wconf 83' lang='lat' dir='ltr'>vocatus</span> <span class='ocrx_word' id='word_1_319' title='bbox 1178 439 1245 475; x_wconf 85' lang='lat' dir='ltr'>fuit</span> <span class='ocrx_word' id='word_1_320' title='bbox 1267 439 1314 475; x_wconf 90' lang='lat' dir='ltr'>ad</span> <span class='ocrx_word' id='word_1_321' title='bbox 1346 439 1621 485; x_wconf 77' lang='lat' dir='ltr'>Apostolatum,</span> <span class='ocrx_word' id='word_1_322' title='bbox 1644 442 1680 474; x_wconf 88' lang='lat' dir='ltr'>et</span> <span class='ocrx_word' id='word_1_323' title='bbox 1697 438 1777 474; x_wconf 83' lang='lat' dir='ltr'>olfi-</span> 
     </span>
    </p>
   </div>
   <div class='ocr_carea' id='block_1_5' title="bbox 1000 485 1773 579">
    <p class='ocr_par' dir='ltr' id='par_1_6' title="bbox 1000 485 1773 579">
     <span class='ocr_line' id='line_1_62' title="bbox 1002 485 1773 532; baseline -0.003 -10"><span class='ocrx_word' id='word_1_324' title='bbox 1002 486 1101 522; x_wconf 91' lang='lat' dir='ltr'>cium</span> <span class='ocrx_word' id='word_1_325' title='bbox 1135 485 1424 532; x_wconf 87' lang='lat' dir='ltr'>dispensationis</span> <span class='ocrx_word' id='word_1_326' title='bbox 1464 485 1533 521; x_wconf 86' lang='lat' dir='ltr'>sibi</span> <span class='ocrx_word' id='word_1_327' title='bbox 1574 485 1773 529; x_wconf 89' lang='lat' dir='ltr'>traditum;</span> 
     </span>
     <span class='ocr_line' id='line_1_63' title="bbox 1000 532 1773 579; baseline -0.001 -11"><span class='ocrx_word' id='word_1_328' title='bbox 1000 534 1064 570; x_wconf 83' lang='lat' dir='ltr'>sed</span> <span class='ocrx_word' id='word_1_329' title='bbox 1086 537 1215 579; x_wconf 87' lang='lat' dir='ltr'>postea</span> <span class='ocrx_word' id='word_1_330' title='bbox 1251 533 1379 578; x_wconf 84' lang='lat' dir='ltr'>lapsus</span> <span class='ocrx_word' id='word_1_331' title='bbox 1412 537 1467 568; x_wconf 92' lang='lat' dir='ltr'>est</span> <span class='ocrx_word' id='word_1_332' title='bbox 1491 532 1529 567; x_wconf 91' lang='lat' dir='ltr'>in</span> <span class='ocrx_word' id='word_1_333' title='bbox 1565 535 1773 578; x_wconf 87' lang='lat' dir='ltr'>peccatum.</span> 
     </span>
    </p>
   </div>
   <div class='ocr_carea' id='block_1_6' title="bbox 1002 578 1777 671">
    <p class='ocr_par' dir='ltr' id='par_1_7' title="bbox 1002 578 1777 671">
     <span class='ocr_line' id='line_1_64' title="bbox 1002 578 1777 626; baseline -0.003 -11"><span class='ocrx_word' id='word_1_334' title='bbox 1002 582 1044 616; x_wconf 86' lang='lat' dir='ltr'>Et</span> <span class='ocrx_word' id='word_1_335' title='bbox 1063 581 1232 626; x_wconf 85' lang='lat' dir='ltr'>quamvis</span> <span class='ocrx_word' id='word_1_336' title='bbox 1254 579 1422 614; x_wconf 65' lang='lat' dir='ltr'>Christus</span> <span class='ocrx_word' id='word_1_337' title='bbox 1441 578 1553 614; x_wconf 89' lang='lat' dir='ltr'>sciret</span> <span class='ocrx_word' id='word_1_338' title='bbox 1574 589 1660 614; x_wconf 91' lang='lat' dir='ltr'>eum</span> <span class='ocrx_word' id='word_1_339' title='bbox 1679 579 1777 614; x_wconf 89' lang='lat' dir='ltr'>futu-</span> 
     </span>
     <span class='ocr_line' id='line_1_65' title="bbox 1002 624 1777 671; baseline -0.003 -9"><span class='ocrx_word' id='word_1_340' title='bbox 1002 638 1083 662; x_wconf 93' lang='lat' dir='ltr'>rum</span> <span class='ocrx_word' id='word_1_341' title='bbox 1112 628 1243 669; x_wconf 90' lang='lat' dir='ltr'>furem,</span> <span class='ocrx_word' id='word_1_342' title='bbox 1266 629 1303 662; x_wconf 88' lang='lat' dir='ltr'>et</span> <span class='ocrx_word' id='word_1_343' title='bbox 1333 626 1486 669; x_wconf 87' lang='lat' dir='ltr'>malum,</span> <span class='ocrx_word' id='word_1_344' title='bbox 1510 631 1633 661; x_wconf 63' lang='lat' dir='ltr'>tamen</span> <span class='ocrx_word' id='word_1_345' title='bbox 1662 624 1777 671; x_wconf 90' lang='lat' dir='ltr'>pluri-</span> 
     </span>
    </p>
   </div>
   <div class='ocr_carea' id='block_1_7' title="bbox 999 672 1773 1049">
    <p class='ocr_par' dir='ltr' id='par_1_8' title="bbox 999 672 1773 1049">
     <span class='ocr_line' id='line_1_66' title="bbox 1004 672 1773 709; baseline -0.003 0"><span class='ocrx_word' id='word_1_346' title='bbox 1004 675 1071 709; x_wconf 85' lang='lat' dir='ltr'>bus</span> <span class='ocrx_word' id='word_1_347' title='bbox 1089 674 1135 709; x_wconf 91' lang='lat' dir='ltr'>de</span> <span class='ocrx_word' id='word_1_348' title='bbox 1166 673 1287 709; x_wconf 87' lang='lat' dir='ltr'>causis</span> <span class='ocrx_word' id='word_1_349' title='bbox 1315 672 1467 708; x_wconf 86' lang='lat' dir='ltr'>tradidit</span> <span class='ocrx_word' id='word_1_350' title='bbox 1489 672 1557 708; x_wconf 90' lang='lat' dir='ltr'>sibi</span> <span class='ocrx_word' id='word_1_351' title='bbox 1579 672 1671 708; x_wconf 87' lang='lat' dir='ltr'>illud</span> <span class='ocrx_word' id='word_1_352' title='bbox 1694 672 1773 708; x_wconf 83' lang='lat' dir='ltr'>offi-</span> 
     </span>
     <span class='ocr_line' id='line_1_67' title="bbox 1002 719 1772 766; baseline -0.001 -10"><span class='ocrx_word' id='word_1_353' title='bbox 1002 721 1099 757; x_wconf 79' lang='lat' dir='ltr'>cium</span> <span class='ocrx_word' id='word_1_354' title='bbox 1127 732 1134 756; x_wconf 73' lang='grc' dir='ltr'>ε</span> <span class='ocrx_word' id='word_1_355' title='bbox 1158 720 1292 766; x_wconf 89' lang='lat' dir='ltr'>primo,</span> <span class='ocrx_word' id='word_1_356' title='bbox 1321 724 1360 755; x_wconf 88' lang='lat' dir='ltr'>ut</span> <span class='ocrx_word' id='word_1_357' title='bbox 1389 730 1468 764; x_wconf 58' lang='lat' dir='ltr'>ejus</span> <span class='ocrx_word' id='word_1_358' title='bbox 1499 719 1676 763; x_wconf 87' lang='lat' dir='ltr'>Ecclesia,</span> <span class='ocrx_word' id='word_1_359' title='bbox 1709 731 1772 755; x_wconf 74' lang='lat' dir='ltr'>ex-</span> 
     </span>
     <span class='ocr_line' id='line_1_68' title="bbox 1001 766 1773 814; baseline -0.001 -11"><span class='ocrx_word' id='word_1_360' title='bbox 1001 769 1122 814; x_wconf 90' lang='lat' dir='ltr'>emplo</span> <span class='ocrx_word' id='word_1_361' title='bbox 1145 767 1214 811; x_wconf 82' lang='lat' dir='ltr'>sui,</span> <span class='ocrx_word' id='word_1_362' title='bbox 1238 768 1338 803; x_wconf 86' lang='lat' dir='ltr'>sures</span> <span class='ocrx_word' id='word_1_363' title='bbox 1361 772 1398 803; x_wconf 90' lang='lat' dir='ltr'>et</span> <span class='ocrx_word' id='word_1_364' title='bbox 1420 767 1538 802; x_wconf 87' lang='lat' dir='ltr'>malos</span> <span class='ocrx_word' id='word_1_365' title='bbox 1567 777 1649 802; x_wconf 91' lang='lat' dir='ltr'>cum</span> <span class='ocrx_word' id='word_1_366' title='bbox 1670 766 1773 813; x_wconf 87' lang='lat' dir='ltr'>pati—</span> 
     </span>
     <span class='ocr_line' id='line_1_69' title="bbox 1000 813 1771 858; baseline -0.001 -8"><span class='ocrx_word' id='word_1_367' title='bbox 1000 819 1060 851; x_wconf 90' lang='lat' dir='ltr'>tur</span> <span class='ocrx_word' id='word_1_368' title='bbox 1076 815 1275 858; x_wconf 89' lang='lat' dir='ltr'>toleraret;</span> <span class='ocrx_word' id='word_1_369' title='bbox 1311 825 1387 849; x_wconf 89' lang='lat' dir='ltr'>non</span> <span class='ocrx_word' id='word_1_370' title='bbox 1417 818 1473 849; x_wconf 83' lang='lat' dir='ltr'>est</span> <span class='ocrx_word' id='word_1_371' title='bbox 1508 813 1607 849; x_wconf 88' lang='lat' dir='ltr'>enim</span> <span class='ocrx_word' id='word_1_372' title='bbox 1641 815 1771 853; x_wconf 81' lang='lat' dir='ltr'>bonus,</span> 
     </span>
     <span class='ocr_line' id='line_1_70' title="bbox 1000 860 1772 907; baseline 0 -10"><span class='ocrx_word' id='word_1_373' title='bbox 1000 862 1063 907; x_wconf 80' lang='lat' dir='ltr'>qui</span> <span class='ocrx_word' id='word_1_374' title='bbox 1097 862 1214 897; x_wconf 88' lang='lat' dir='ltr'>malos</span> <span class='ocrx_word' id='word_1_375' title='bbox 1246 862 1407 897; x_wconf 63' lang='lat' dir='ltr'>tolerare</span> <span class='ocrx_word' id='word_1_376' title='bbox 1436 872 1511 897; x_wconf 89' lang='lat' dir='ltr'>non</span> <span class='ocrx_word' id='word_1_377' title='bbox 1547 860 1689 907; x_wconf 90' lang='lat' dir='ltr'>potuit;</span> <span class='ocrx_word' id='word_1_378' title='bbox 1718 871 1772 897; x_wconf 87' lang='lat' dir='ltr'>se-</span> 
     </span>
     <span class='ocr_line' id='line_1_71' title="bbox 1001 907 1771 953; baseline -0.004 -8"><span class='ocrx_word' id='word_1_379' title='bbox 1001 910 1139 953; x_wconf 87' lang='lat' dir='ltr'>cundo,</span> <span class='ocrx_word' id='word_1_380' title='bbox 1164 912 1202 944; x_wconf 90' lang='lat' dir='ltr'>ut</span> <span class='ocrx_word' id='word_1_381' title='bbox 1228 909 1261 944; x_wconf 93' lang='lat' dir='ltr'>ei</span> <span class='ocrx_word' id='word_1_382' title='bbox 1284 908 1516 944; x_wconf 84' lang='lat' dir='ltr'>occasionem</span> <span class='ocrx_word' id='word_1_383' title='bbox 1545 907 1771 953; x_wconf 86' lang='lat' dir='ltr'>proditionis</span> 
     </span>
     <span class='ocr_line' id='line_1_72' title="bbox 999 953 1771 1000; baseline -0.003 -8"><span class='ocrx_word' id='word_1_384' title='bbox 999 957 1270 999; x_wconf 84' lang='lat' dir='ltr'>auferret,cnm</span> <span class='ocrx_word' id='word_1_385' title='bbox 1290 966 1332 990; x_wconf 86' lang='lat' dir='ltr'>ex</span> <span class='ocrx_word' id='word_1_386' title='bbox 1353 955 1482 991; x_wconf 88' lang='lat' dir='ltr'>loculis</span> <span class='ocrx_word' id='word_1_387' title='bbox 1495 953 1771 1000; x_wconf 83' lang='lat' dir='ltr'>mitigationem</span> 
     </span>
     <span class='ocr_line' id='line_1_73' title="bbox 1000 1002 1772 1049; baseline -0.004 -10"><span class='ocrx_word' id='word_1_388' title='bbox 1000 1002 1312 1049; x_wconf 66' lang='lat' dir='ltr'>concupiscentiae</span> <span class='ocrx_word' id='word_1_389' title='bbox 1325 1003 1499 1044; x_wconf 77' lang='lat' dir='ltr'>haberet3</span> <span class='ocrx_word' id='word_1_390' title='bbox 1522 1002 1772 1044; x_wconf 83' lang='lat' dir='ltr'>tertio‚utdo·</span> 
     </span>
    </p>
   </div>
   <div class='ocr_carea' id='block_1_8' title="bbox 1000 1048 1774 1142">
    <p class='ocr_par' dir='ltr' id='par_1_9' title="bbox 1000 1048 1774 1142">
     <span class='ocr_line' id='line_1_74' title="bbox 1000 1048 1774 1096; baseline -0.004 -10"><span class='ocrx_word' id='word_1_391' title='bbox 1000 1056 1099 1086; x_wconf 87' lang='lat' dir='ltr'>ceret</span> <span class='ocrx_word' id='word_1_392' title='bbox 1116 1050 1215 1096; x_wconf 86' lang='lat' dir='ltr'>qnod</span> <span class='ocrx_word' id='word_1_393' title='bbox 1236 1049 1443 1085; x_wconf 89' lang='lat' dir='ltr'>minoribus</span> <span class='ocrx_word' id='word_1_394' title='bbox 1464 1048 1686 1094; x_wconf 85' lang='lat' dir='ltr'>temporalia</span> <span class='ocrx_word' id='word_1_395' title='bbox 1702 1054 1774 1084; x_wconf 88' lang='lat' dir='ltr'>tra-</span> 
     </span>
     <span class='ocr_line' id='line_1_75' title="bbox 1000 1095 1774 1142; baseline 0.003 -12"><span class='ocrx_word' id='word_1_396' title='bbox 1000 1098 1122 1133; x_wconf 81' lang='lat' dir='ltr'>denda</span> <span class='ocrx_word' id='word_1_397' title='bbox 1148 1100 1247 1139; x_wconf 90' lang='lat' dir='ltr'>sunt,</span> <span class='ocrx_word' id='word_1_398' title='bbox 1265 1097 1329 1132; x_wconf 83' lang='lat' dir='ltr'>sed</span> <span class='ocrx_word' id='word_1_399' title='bbox 1360 1097 1565 1142; x_wconf 86' lang='lat' dir='ltr'>majoribus</span> <span class='ocrx_word' id='word_1_400' title='bbox 1596 1095 1774 1142; x_wconf 83' lang='lat' dir='ltr'>spiritua·</span> 
     </span>
    </p>
   </div>
   <div class='ocr_carea' id='block_1_9' title="bbox 998 1143 1772 1376">
    <p class='ocr_par' dir='ltr' id='par_1_10' title="bbox 998 1143 1772 1376">
     <span class='ocr_line' id='line_1_76' title="bbox 1000 1143 1772 1188; baseline -0.001 -9"><span class='ocrx_word' id='word_1_401' title='bbox 1000 1144 1048 1179; x_wconf 89' lang='lat' dir='ltr'>lia</span> <span class='ocrx_word' id='word_1_402' title='bbox 1070 1146 1155 1179; x_wconf 86' lang='lat' dir='ltr'>sunt</span> <span class='ocrx_word' id='word_1_403' title='bbox 1169 1143 1456 1186; x_wconf 79' lang='lat' dir='ltr'>committenda3</span> <span class='ocrx_word' id='word_1_404' title='bbox 1474 1146 1621 1188; x_wconf 85' lang='lat' dir='ltr'>quarto,</span> <span class='ocrx_word' id='word_1_405' title='bbox 1639 1146 1678 1178; x_wconf 90' lang='lat' dir='ltr'>ut</span> <span class='ocrx_word' id='word_1_406' title='bbox 1703 1153 1772 1178; x_wconf 88' lang='lat' dir='ltr'>nos</span> 
     </span>
     <span class='ocr_line' id='line_1_77' title="bbox 999 1190 1771 1235; baseline -0.001 -9"><span class='ocrx_word' id='word_1_407' title='bbox 999 1190 1199 1233; x_wconf 76' lang='lat' dir='ltr'>instruens,</span> <span class='ocrx_word' id='word_1_408' title='bbox 1240 1190 1453 1226; x_wconf 88' lang='lat' dir='ltr'>ostenderet</span> <span class='ocrx_word' id='word_1_409' title='bbox 1469 1200 1592 1235; x_wconf 53' lang='lat' dir='ltr'>,quam</span> <span class='ocrx_word' id='word_1_410' title='bbox 1637 1200 1771 1235; x_wconf 87' lang='lat' dir='ltr'>parum</span> 
     </span>
     <span class='ocr_line' id='line_1_78' title="bbox 1000 1236 1770 1284; baseline -0.001 -11"><span class='ocrx_word' id='word_1_411' title='bbox 1000 1237 1221 1284; x_wconf 87' lang='lat' dir='ltr'>temporalia</span> <span class='ocrx_word' id='word_1_412' title='bbox 1247 1241 1408 1279; x_wconf 82' lang='lat' dir='ltr'>curaret,</span> <span class='ocrx_word' id='word_1_413' title='bbox 1437 1237 1586 1282; x_wconf 83' lang='lat' dir='ltr'>quando</span> <span class='ocrx_word' id='word_1_414' title='bbox 1619 1236 1770 1272; x_wconf 88' lang='lat' dir='ltr'>bursam</span> 
     </span>
     <span class='ocr_line' id='line_1_79' title="bbox 998 1283 1768 1330; baseline -0.003 -10"><span class='ocrx_word' id='word_1_415' title='bbox 998 1286 1165 1330; x_wconf 79' lang='lat' dir='ltr'>pecuniae</span> <span class='ocrx_word' id='word_1_416' title='bbox 1196 1283 1267 1319; x_wconf 83' lang='lat' dir='ltr'>furi</span> <span class='ocrx_word' id='word_1_417' title='bbox 1304 1288 1339 1319; x_wconf 84' lang='lat' dir='ltr'>et</span> <span class='ocrx_word' id='word_1_418' title='bbox 1372 1283 1548 1319; x_wconf 85' lang='lat' dir='ltr'>deteriori</span> <span class='ocrx_word' id='word_1_419' title='bbox 1592 1283 1768 1327; x_wconf 82' lang='lat' dir='ltr'>tradidit;</span> 
     </span>
     <span class='ocr_line' id='line_1_80' title="bbox 999 1330 1770 1376; baseline -0.001 -9"><span class='ocrx_word' id='word_1_420' title='bbox 999 1331 1121 1367; x_wconf 83' lang='lat' dir='ltr'>claves</span> <span class='ocrx_word' id='word_1_421' title='bbox 1157 1336 1281 1367; x_wconf 87' lang='lat' dir='ltr'>autem</span> <span class='ocrx_word' id='word_1_422' title='bbox 1307 1330 1480 1366; x_wconf 61' lang='lat' dir='ltr'>Ecclesiae</span> <span class='ocrx_word' id='word_1_423' title='bbox 1516 1340 1599 1365; x_wconf 91' lang='lat' dir='ltr'>cnm</span> <span class='ocrx_word' id='word_1_424' title='bbox 1635 1340 1770 1376; x_wconf 82' lang='lat' dir='ltr'>magna</span> 
     </span>
    </p>
   </div>
   <div class='ocr_carea' id='block_1_10' title="bbox 998 1377 1780 1423">
    <p class='ocr_par' dir='ltr' id='par_1_11' title="bbox 998 1377 1780 1423">
     <span class='ocr_line' id='line_1_81' title="bbox 998 1377 1780 1423; baseline -0.001 -9"><span class='ocrx_word' id='word_1_425' title='bbox 998 1378 1272 1414; x_wconf 79' lang='lat' dir='ltr'>examinatione</span> <span class='ocrx_word' id='word_1_426' title='bbox 1298 1377 1484 1412; x_wconf 89' lang='lat' dir='ltr'>commisit</span> <span class='ocrx_word' id='word_1_427' title='bbox 1512 1378 1639 1420; x_wconf 90' lang='lat' dir='ltr'>Petro,</span> <span class='ocrx_word' id='word_1_428' title='bbox 1667 1378 1780 1423; x_wconf 74' lang='lat' dir='ltr'>quod¹</span> 
     </span>
    </p>
   </div>
   <div class='ocr_carea' id='block_1_11' title="bbox 985 1423 1770 2831">
    <p class='ocr_par' dir='ltr' id='par_1_12' title="bbox 996 1423 1769 1751">
     <span class='ocr_line' id='line_1_82' title="bbox 997 1423 1765 1468; baseline -0.003 -8"><span class='ocrx_word' id='word_1_429' title='bbox 997 1430 1051 1460; x_wconf 87' lang='lat' dir='ltr'>est</span> <span class='ocrx_word' id='word_1_430' title='bbox 1074 1429 1204 1460; x_wconf 84' lang='lat' dir='ltr'>contra</span> <span class='ocrx_word' id='word_1_431' title='bbox 1231 1424 1311 1458; x_wconf 79' lang='lat' dir='ltr'>illos</span> <span class='ocrx_word' id='word_1_432' title='bbox 1333 1423 1393 1468; x_wconf 81' lang='lat' dir='ltr'>qui</span> <span class='ocrx_word' id='word_1_433' title='bbox 1422 1434 1505 1459; x_wconf 82' lang='lat' dir='ltr'>suas</span> <span class='ocrx_word' id='word_1_434' title='bbox 1528 1423 1688 1465; x_wconf 83' lang='lat' dir='ltr'>animas,</span> <span class='ocrx_word' id='word_1_435' title='bbox 1709 1424 1765 1460; x_wconf 89' lang='lat' dir='ltr'>vel</span> 
     </span>
     <span class='ocr_line' id='line_1_83' title="bbox 996 1470 1768 1517; baseline 0 -11"><span class='ocrx_word' id='word_1_436' title='bbox 996 1472 1154 1507; x_wconf 89' lang='lat' dir='ltr'>aliorum</span> <span class='ocrx_word' id='word_1_437' title='bbox 1189 1470 1261 1505; x_wconf 87' lang='lat' dir='ltr'>illis</span> <span class='ocrx_word' id='word_1_438' title='bbox 1293 1470 1529 1505; x_wconf 88' lang='lat' dir='ltr'>committunt</span> <span class='ocrx_word' id='word_1_439' title='bbox 1562 1471 1608 1506; x_wconf 88' lang='lat' dir='ltr'>ad</span> <span class='ocrx_word' id='word_1_440' title='bbox 1638 1481 1768 1517; x_wconf 86' lang='lat' dir='ltr'>regen-</span> 
     </span>
     <span class='ocr_line' id='line_1_84' title="bbox 996 1517 1767 1562; baseline 0 -9"><span class='ocrx_word' id='word_1_441' title='bbox 996 1519 1098 1559; x_wconf 82' lang='lat' dir='ltr'>dum,</span> <span class='ocrx_word' id='word_1_442' title='bbox 1123 1517 1258 1562; x_wconf 81' lang='lat' dir='ltr'>quibus</span> <span class='ocrx_word' id='word_1_443' title='bbox 1281 1518 1410 1552; x_wconf 84' lang='lat' dir='ltr'>bovem</span> <span class='ocrx_word' id='word_1_444' title='bbox 1434 1517 1488 1552; x_wconf 82' lang='lat' dir='ltr'>vel</span> <span class='ocrx_word' id='word_1_445' title='bbox 1512 1517 1658 1553; x_wconf 86' lang='lat' dir='ltr'>asinum</span> <span class='ocrx_word' id='word_1_446' title='bbox 1693 1529 1767 1553; x_wconf 90' lang='lat' dir='ltr'>non</span> 
     </span>
     <span class='ocr_line' id='line_1_85' title="bbox 997 1564 1769 1610; baseline -0.001 -10"><span class='ocrx_word' id='word_1_447' title='bbox 997 1564 1328 1600; x_wconf 85' lang='lat' dir='ltr'>committerentad</span> <span class='ocrx_word' id='word_1_448' title='bbox 1347 1564 1594 1599; x_wconf 84' lang='lat' dir='ltr'>vendendum.</span> <span class='ocrx_word' id='word_1_449' title='bbox 1615 1566 1660 1599; x_wconf 80' lang='lat' dir='ltr'>Ex</span> <span class='ocrx_word' id='word_1_450' title='bbox 1676 1575 1769 1610; x_wconf 80' lang='lat' dir='ltr'>prae-</span> 
     </span>
     <span class='ocr_line' id='line_1_86' title="bbox 997 1610 1767 1657; baseline 0 -10"><span class='ocrx_word' id='word_1_451' title='bbox 997 1611 1120 1647; x_wconf 89' lang='lat' dir='ltr'>missis</span> <span class='ocrx_word' id='word_1_452' title='bbox 1131 1611 1348 1657; x_wconf 81' lang='lat' dir='ltr'>patet‚qu0d</span> <span class='ocrx_word' id='word_1_453' title='bbox 1367 1611 1533 1647; x_wconf 85' lang='lat' dir='ltr'>Christus</span> <span class='ocrx_word' id='word_1_454' title='bbox 1547 1618 1584 1646; x_wconf 89' lang='lat' dir='ltr'>et</span> <span class='ocrx_word' id='word_1_455' title='bbox 1597 1610 1767 1657; x_wconf 87' lang='lat' dir='ltr'>discipuli</span> 
     </span>
     <span class='ocr_line' id='line_1_87' title="bbox 997 1657 1768 1704; baseline 0.001 -11"><span class='ocrx_word' id='word_1_456' title='bbox 997 1660 1078 1704; x_wconf 85' lang='lat' dir='ltr'>ejus</span> <span class='ocrx_word' id='word_1_457' title='bbox 1099 1659 1143 1693; x_wconf 92' lang='lat' dir='ltr'>de</span> <span class='ocrx_word' id='word_1_458' title='bbox 1177 1658 1420 1703; x_wconf 72' lang='lat' dir='ltr'>eleemosynis</span> <span class='ocrx_word' id='word_1_459' title='bbox 1449 1664 1485 1693; x_wconf 86' lang='lat' dir='ltr'>et</span> <span class='ocrx_word' id='word_1_460' title='bbox 1514 1657 1768 1695; x_wconf 87' lang='lat' dir='ltr'>oblationibus</span> 
     </span>
     <span class='ocr_line' id='line_1_88' title="bbox 996 1705 1766 1751; baseline 0 -10"><span class='ocrx_word' id='word_1_461' title='bbox 996 1705 1161 1741; x_wconf 84' lang='lat' dir='ltr'>fidelium</span> <span class='ocrx_word' id='word_1_462' title='bbox 1180 1708 1371 1750; x_wconf 82' lang='lat' dir='ltr'>tamquam</span> <span class='ocrx_word' id='word_1_463' title='bbox 1387 1715 1568 1751; x_wconf 82' lang='lat' dir='ltr'>pauperes</span> <span class='ocrx_word' id='word_1_464' title='bbox 1582 1705 1766 1741; x_wconf 82' lang='lat' dir='ltr'>vivebant.</span> 
     </span>
    </p>

    <p class='ocr_par' dir='ltr' id='par_1_13' title="bbox 985 1753 1770 2831">
     <span class='ocr_line' id='line_1_89' title="bbox 1044 1753 1769 1789; baseline 0.003 -2"><span class='ocrx_word' id='word_1_465' title='bbox 1044 1756 1063 1787; x_wconf 79' lang='lat'>8</span> <span class='ocrx_word' id='word_1_466' title='bbox 1084 1755 1201 1787; x_wconf 65' lang='lat' dir='ltr'>MARIA</span> <span class='ocrx_word' id='word_1_467' title='bbox 1231 1764 1252 1787; x_wconf 80' lang='lat' dir='ltr'>A</span> <span class='ocrx_word' id='word_1_468' title='bbox 1284 1753 1436 1788; x_wconf 74' lang='lat' dir='ltr'>Cuiusro</span> <span class='ocrx_word' id='word_1_469' title='bbox 1470 1764 1703 1789; x_wconf 62' lang='lat' dir='ltr'>unrnxnirun.</span> <span class='ocrx_word' id='word_1_470' title='bbox 1725 1772 1769 1780; x_wconf 86' lang='lat'>-</span> 
     </span>
     <span class='ocr_line' id='line_1_90' title="bbox 998 1799 1770 1846; baseline 0 -11"><span class='ocrx_word' id='word_1_471' title='bbox 998 1800 1067 1835; x_wconf 85' lang='lat' dir='ltr'>Sed</span> <span class='ocrx_word' id='word_1_472' title='bbox 1087 1799 1266 1835; x_wconf 88' lang='lat' dir='ltr'>Dominus</span> <span class='ocrx_word' id='word_1_473' title='bbox 1278 1801 1380 1834; x_wconf 75' lang='lat' dir='ltr'>Jeszcs</span> <span class='ocrx_word' id='word_1_474' title='bbox 1400 1809 1467 1845; x_wconf 93' lang='lat' dir='ltr'>pro</span> <span class='ocrx_word' id='word_1_475' title='bbox 1484 1799 1599 1834; x_wconf 58' lang='lat' dir='ltr'>Maria</span> <span class='ocrx_word' id='word_1_476' title='bbox 1619 1810 1770 1846; x_wconf 87' lang='lat' dir='ltr'>respon-</span> 
     </span>
     <span class='ocr_line' id='line_1_91' title="bbox 996 1846 1767 1890; baseline 0.003 -9"><span class='ocrx_word' id='word_1_477' title='bbox 996 1847 1062 1890; x_wconf 89' lang='lat' dir='ltr'>dit,</span> <span class='ocrx_word' id='word_1_478' title='bbox 1097 1850 1132 1882; x_wconf 89' lang='lat' dir='ltr'>et</span> <span class='ocrx_word' id='word_1_479' title='bbox 1161 1856 1242 1882; x_wconf 83' lang='lat' dir='ltr'>eam</span> <span class='ocrx_word' id='word_1_480' title='bbox 1286 1856 1388 1881; x_wconf 89' lang='lat' dir='ltr'>more</span> <span class='ocrx_word' id='word_1_481' title='bbox 1418 1846 1526 1882; x_wconf 85' lang='lat' dir='ltr'>solito</span> <span class='ocrx_word' id='word_1_482' title='bbox 1562 1846 1767 1882; x_wconf 73' lang='lat' dir='ltr'>defendens</span> 
     </span>
     <span class='ocr_line' id='line_1_92' title="bbox 996 1894 1768 1936; baseline -0.001 -7"><span class='ocrx_word' id='word_1_483' title='bbox 996 1896 1049 1929; x_wconf 79' lang='lat' dir='ltr'>ait</span> <span class='ocrx_word' id='word_1_484' title='bbox 1067 1895 1164 1929; x_wconf 75' lang='lat' dir='ltr'>illis:</span> <span class='ocrx_word' id='word_1_485' title='bbox 1189 1894 1284 1936; x_wconf 73' lang='lat' dir='ltr'>Quid</span> <span class='ocrx_word' id='word_1_486' title='bbox 1304 1894 1444 1928; x_wconf 79' lang='lat' dir='ltr'>molesti</span> <span class='ocrx_word' id='word_1_487' title='bbox 1463 1894 1643 1928; x_wconf 72' lang='lat' dir='ltr'>estishuic</span> <span class='ocrx_word' id='word_1_488' title='bbox 1663 1895 1768 1928; x_wconf 76' lang='lat' dir='ltr'>muli-</span> 
     </span>
     <span class='ocr_line' id='line_1_93' title="bbox 995 1940 1766 1983; baseline 0 -7"><span class='ocrx_word' id='word_1_489' title='bbox 995 1943 1074 1976; x_wconf 77' lang='lat' dir='ltr'>eri?</span> <span class='ocrx_word' id='word_1_490' title='bbox 1095 1941 1205 1983; x_wconf 83' lang='lat' dir='ltr'>Quasi</span> <span class='ocrx_word' id='word_1_491' title='bbox 1233 1940 1373 1975; x_wconf 84' lang='lat' dir='ltr'>diceret</span> <span class='ocrx_word' id='word_1_492' title='bbox 1395 1951 1402 1975; x_wconf 91' lang='lat'>:</span> <span class='ocrx_word' id='word_1_493' title='bbox 1427 1940 1512 1976; x_wconf 87' lang='lat' dir='ltr'>Sine</span> <span class='ocrx_word' id='word_1_494' title='bbox 1532 1951 1644 1976; x_wconf 87' lang='lat' dir='ltr'>causa</span> <span class='ocrx_word' id='word_1_495' title='bbox 1662 1951 1766 1976; x_wconf 87' lang='lat' dir='ltr'>mur-</span> 
     </span>
     <span class='ocr_line' id='line_1_94' title="bbox 995 1987 1767 2032; baseline 0 -9"><span class='ocrx_word' id='word_1_496' title='bbox 995 1987 1150 2023; x_wconf 78' lang='lat' dir='ltr'>muratis</span> <span class='ocrx_word' id='word_1_497' title='bbox 1173 1999 1181 2022; x_wconf 90' lang='lat'>:</span> <span class='ocrx_word' id='word_1_498' title='bbox 1204 1988 1300 2032; x_wconf 75' lang='lat' dir='ltr'>Opus</span> <span class='ocrx_word' id='word_1_499' title='bbox 1329 1989 1423 2022; x_wconf 75' lang='lat' dir='ltr'>enim</span> <span class='ocrx_word' id='word_1_500' title='bbox 1455 1988 1582 2022; x_wconf 74' lang='lat' dir='ltr'>bonum</span> <span class='ocrx_word' id='word_1_501' title='bbox 1617 1991 1767 2032; x_wconf 77' lang='lat' dir='ltr'>operata</span> 
     </span>
     <span class='ocr_line' id='line_1_95' title="bbox 995 2034 1765 2079; baseline 0 -9"><span class='ocrx_word' id='word_1_502' title='bbox 995 2039 1046 2070; x_wconf 76' lang='lat' dir='ltr'>est</span> <span class='ocrx_word' id='word_1_503' title='bbox 1078 2037 1116 2069; x_wconf 81' lang='lat' dir='ltr'>in</span> <span class='ocrx_word' id='word_1_504' title='bbox 1146 2045 1211 2073; x_wconf 81' lang='lat' dir='ltr'>me,</span> <span class='ocrx_word' id='word_1_505' title='bbox 1235 2037 1269 2068; x_wconf 89' lang='lat' dir='ltr'>et</span> <span class='ocrx_word' id='word_1_506' title='bbox 1299 2044 1388 2079; x_wconf 80' lang='lat' dir='ltr'>ergo</span> <span class='ocrx_word' id='word_1_507' title='bbox 1411 2045 1486 2069; x_wconf 91' lang='lat' dir='ltr'>non</span> <span class='ocrx_word' id='word_1_508' title='bbox 1513 2034 1657 2069; x_wconf 87' lang='lat' dir='ltr'>debetis</span> <span class='ocrx_word' id='word_1_509' title='bbox 1683 2045 1765 2070; x_wconf 88' lang='lat' dir='ltr'>eam</span> 
     </span>
     <span class='ocr_line' id='line_1_96' title="bbox 994 2081 1763 2128; baseline -0.003 -10"><span class='ocrx_word' id='word_1_510' title='bbox 994 2081 1284 2128; x_wconf 83' lang='lat' dir='ltr'>reprehendere.</span> <span class='ocrx_word' id='word_1_511' title='bbox 1310 2082 1388 2116; x_wconf 86' lang='lat' dir='ltr'>Non</span> <span class='ocrx_word' id='word_1_512' title='bbox 1426 2084 1480 2116; x_wconf 65' lang='lat' dir='ltr'>est</span> <span class='ocrx_word' id='word_1_513' title='bbox 1513 2081 1672 2126; x_wconf 86' lang='lat' dir='ltr'>perditio</span> <span class='ocrx_word' id='word_1_514' title='bbox 1695 2092 1763 2116; x_wconf 91' lang='lat' dir='ltr'>un-</span> 
     </span>
     <span class='ocr_line' id='line_1_97' title="bbox 994 2127 1762 2176; baseline -0.001 -12"><span class='ocrx_word' id='word_1_515' title='bbox 994 2128 1134 2176; x_wconf 82' lang='lat' dir='ltr'>guenti,</span> <span class='ocrx_word' id='word_1_516' title='bbox 1157 2133 1195 2164; x_wconf 90' lang='lat' dir='ltr'>ut</span> <span class='ocrx_word' id='word_1_517' title='bbox 1230 2138 1295 2163; x_wconf 87' lang='lat' dir='ltr'>vos</span> <span class='ocrx_word' id='word_1_518' title='bbox 1325 2127 1460 2171; x_wconf 87' lang='lat' dir='ltr'>dicitis,</span> <span class='ocrx_word' id='word_1_519' title='bbox 1488 2129 1551 2163; x_wconf 90' lang='lat' dir='ltr'>sed</span> <span class='ocrx_word' id='word_1_520' title='bbox 1575 2139 1667 2171; x_wconf 82' lang='lat' dir='ltr'>opus</span> <span class='ocrx_word' id='word_1_521' title='bbox 1697 2129 1762 2164; x_wconf 90' lang='lat' dir='ltr'>bo-</span> 
     </span>
     <span class='ocr_line' id='line_1_98' title="bbox 995 2173 1760 2220; baseline -0.001 -8"><span class='ocrx_word' id='word_1_522' title='bbox 995 2186 1096 2220; x_wconf 89' lang='lat' dir='ltr'>num,</span> <span class='ocrx_word' id='word_1_523' title='bbox 1126 2176 1163 2211; x_wconf 91' lang='lat' dir='ltr'>id</span> <span class='ocrx_word' id='word_1_524' title='bbox 1199 2177 1252 2211; x_wconf 85' lang='lat' dir='ltr'>est</span> <span class='ocrx_word' id='word_1_525' title='bbox 1290 2173 1440 2220; x_wconf 87' lang='lat' dir='ltr'>pietatis</span> <span class='ocrx_word' id='word_1_526' title='bbox 1475 2180 1511 2210; x_wconf 88' lang='lat' dir='ltr'>et</span> <span class='ocrx_word' id='word_1_527' title='bbox 1550 2174 1760 2211; x_wconf 88' lang='lat' dir='ltr'>devotionis</span> 
     </span>
     <span class='ocr_line' id='line_1_99' title="bbox 993 2217 1762 2269; baseline -0.001 -10"><span class='ocrx_word' id='word_1_528' title='bbox 993 2222 1235 2269; x_wconf 59' lang='lat' dir='ltr'>obsequium</span> <span class='ocrx_word' id='word_1_529' title='bbox 1262 2217 1360 2257; x_wconf 89' lang='lat' dir='ltr'>unde</span> <span class='ocrx_word' id='word_1_530' title='bbox 1388 2222 1433 2257; x_wconf 91' lang='lat' dir='ltr'>de</span> <span class='ocrx_word' id='word_1_531' title='bbox 1452 2222 1550 2257; x_wconf 87' lang='lat' dir='ltr'>bono</span> <span class='ocrx_word' id='word_1_532' title='bbox 1572 2232 1684 2268; x_wconf 90' lang='lat' dir='ltr'>opere</span> <span class='ocrx_word' id='word_1_533' title='bbox 1708 2222 1762 2258; x_wconf 87' lang='lat' dir='ltr'>la-</span> 
     </span>
     <span class='ocr_line' id='line_1_100' title="bbox 991 2268 1762 2316; baseline -0.001 -11"><span class='ocrx_word' id='word_1_534' title='bbox 991 2270 1128 2316; x_wconf 77' lang='lat' dir='ltr'>pidatis</span> <span class='ocrx_word' id='word_1_535' title='bbox 1143 2280 1239 2314; x_wconf 91' lang='lat' dir='ltr'>eam,</span> <span class='ocrx_word' id='word_1_536' title='bbox 1257 2272 1385 2304; x_wconf 84' lang='lat' dir='ltr'>contra</span> <span class='ocrx_word' id='word_1_537' title='bbox 1403 2269 1588 2304; x_wconf 87' lang='lat' dir='ltr'>rationem</span> <span class='ocrx_word' id='word_1_538' title='bbox 1607 2268 1762 2314; x_wconf 88' lang='lat' dir='ltr'>etjusti-</span> 
     </span>
     <span class='ocr_line' id='line_1_101' title="bbox 994 2316 1761 2353; baseline -0.003 0"><span class='ocrx_word' id='word_1_539' title='bbox 994 2319 1094 2353; x_wconf 86' lang='lat' dir='ltr'>tiam.</span> <span class='ocrx_word' id='word_1_540' title='bbox 1116 2319 1233 2353; x_wconf 75' lang='lat' dir='ltr'>Sinite</span> <span class='ocrx_word' id='word_1_541' title='bbox 1258 2317 1362 2350; x_wconf 75' lang='lat' dir='ltr'>illam</span> <span class='ocrx_word' id='word_1_542' title='bbox 1392 2326 1490 2351; x_wconf 88' lang='lat' dir='ltr'>nuuc</span> <span class='ocrx_word' id='word_1_543' title='bbox 1521 2316 1564 2351; x_wconf 88' lang='lat' dir='ltr'>de</span> <span class='ocrx_word' id='word_1_544' title='bbox 1593 2316 1664 2351; x_wconf 87' lang='lat' dir='ltr'>hoc</span> <span class='ocrx_word' id='word_1_545' title='bbox 1690 2327 1761 2352; x_wconf 90' lang='lat' dir='ltr'>un-</span> 
     </span>
     <span class='ocr_line' id='line_1_102' title="bbox 990 2362 1763 2410; baseline -0.004 -10"><span class='ocrx_word' id='word_1_546' title='bbox 990 2367 1129 2410; x_wconf 88' lang='lat' dir='ltr'>guento</span> <span class='ocrx_word' id='word_1_547' title='bbox 1168 2364 1291 2399; x_wconf 86' lang='lat' dir='ltr'>facere</span> <span class='ocrx_word' id='word_1_548' title='bbox 1328 2363 1427 2408; x_wconf 82' lang='lat' dir='ltr'>quod</span> <span class='ocrx_word' id='word_1_549' title='bbox 1465 2362 1616 2408; x_wconf 89' lang='lat' dir='ltr'>poterit,</span> <span class='ocrx_word' id='word_1_550' title='bbox 1652 2366 1691 2398; x_wconf 84' lang='lat' dir='ltr'>ut</span> <span class='ocrx_word' id='word_1_551' title='bbox 1724 2365 1763 2398; x_wconf 80' lang='lat' dir='ltr'>in</span> 
     </span>
     <span class='ocr_line' id='line_1_103' title="bbox 990 2409 1764 2455; baseline -0.001 -9"><span class='ocrx_word' id='word_1_552' title='bbox 990 2412 1083 2446; x_wconf 79' lang='lat' dir='ltr'>diem</span> <span class='ocrx_word' id='word_1_553' title='bbox 1103 2412 1296 2455; x_wconf 65' lang='lat' dir='ltr'>sepulturae</span> <span class='ocrx_word' id='word_1_554' title='bbox 1315 2420 1400 2444; x_wconf 77' lang='lat' dir='ltr'>meae</span> <span class='ocrx_word' id='word_1_555' title='bbox 1421 2413 1537 2444; x_wconf 69' lang='lat' dir='ltr'>servet</span> <span class='ocrx_word' id='word_1_556' title='bbox 1556 2410 1664 2453; x_wconf 76' lang='lat' dir='ltr'>illud,</span> <span class='ocrx_word' id='word_1_557' title='bbox 1689 2409 1764 2445; x_wconf 88' lang='lat' dir='ltr'>sci-</span> 
     </span>
     <span class='ocr_line' id='line_1_104' title="bbox 989 2455 1761 2503; baseline -0.001 -10"><span class='ocrx_word' id='word_1_558' title='bbox 989 2458 1075 2493; x_wconf 85' lang='lat' dir='ltr'>licet</span> <span class='ocrx_word' id='word_1_559' title='bbox 1092 2457 1191 2503; x_wconf 85' lang='lat' dir='ltr'>quod</span> <span class='ocrx_word' id='word_1_560' title='bbox 1212 2460 1300 2492; x_wconf 89' lang='lat' dir='ltr'>tunc</span> <span class='ocrx_word' id='word_1_561' title='bbox 1320 2466 1387 2502; x_wconf 91' lang='lat' dir='ltr'>pro</span> <span class='ocrx_word' id='word_1_562' title='bbox 1408 2457 1487 2501; x_wconf 89' lang='lat' dir='ltr'>ipsa</span> <span class='ocrx_word' id='word_1_563' title='bbox 1508 2455 1761 2502; x_wconf 84' lang='lat' dir='ltr'>praeparabit;</span> 
     </span>
     <span class='ocr_line' id='line_1_105' title="bbox 989 2502 1759 2548; baseline -0.003 -8"><span class='ocrx_word' id='word_1_564' title='bbox 989 2505 1079 2541; x_wconf 88' lang='lat' dir='ltr'>illud</span> <span class='ocrx_word' id='word_1_565' title='bbox 1105 2504 1206 2540; x_wconf 87' lang='lat' dir='ltr'>enim</span> <span class='ocrx_word' id='word_1_566' title='bbox 1236 2502 1453 2546; x_wconf 78' lang='lat' dir='ltr'>reservabit,</span> <span class='ocrx_word' id='word_1_567' title='bbox 1476 2503 1563 2548; x_wconf 79' lang='lat' dir='ltr'>quia</span> <span class='ocrx_word' id='word_1_568' title='bbox 1581 2513 1656 2538; x_wconf 86' lang='lat' dir='ltr'>non</span> <span class='ocrx_word' id='word_1_569' title='bbox 1677 2506 1759 2548; x_wconf 87' lang='lat' dir='ltr'>pot-</span> 
     </span>
     <span class='ocr_line' id='line_1_106' title="bbox 990 2549 1758 2597; baseline -0.003 -10"><span class='ocrx_word' id='word_1_570' title='bbox 990 2552 1042 2587; x_wconf 92' lang='lat' dir='ltr'>uit</span> <span class='ocrx_word' id='word_1_571' title='bbox 1082 2550 1304 2597; x_wconf 85' lang='lat' dir='ltr'>expendere,</span> <span class='ocrx_word' id='word_1_572' title='bbox 1333 2554 1522 2595; x_wconf 60' lang='lat' dir='ltr'>praeventa</span> <span class='ocrx_word' id='word_1_573' title='bbox 1540 2549 1758 2585; x_wconf 82' lang='lat' dir='ltr'>accelerati-</span> 
     </span>
     <span class='ocr_line' id='line_1_107' title="bbox 989 2596 1762 2634; baseline -0.003 0"><span class='ocrx_word' id='word_1_574' title='bbox 989 2609 1059 2634; x_wconf 91' lang='lat' dir='ltr'>one</span> <span class='ocrx_word' id='word_1_575' title='bbox 1079 2596 1363 2634; x_wconf 82' lang='lat' dir='ltr'>resurrectionis</span> <span class='ocrx_word' id='word_1_576' title='bbox 1390 2607 1495 2632; x_wconf 86' lang='lat' dir='ltr'>meae.</span> <span class='ocrx_word' id='word_1_577' title='bbox 1518 2597 1622 2632; x_wconf 91' lang='lat' dir='ltr'>Unde</span> <span class='ocrx_word' id='word_1_578' title='bbox 1639 2597 1762 2632; x_wconf 91' lang='lat' dir='ltr'>dimit-</span> 
     </span>
     <span class='ocr_line' id='line_1_108' title="bbox 988 2644 1759 2689; baseline -0.003 -9"><span class='ocrx_word' id='word_1_579' title='bbox 988 2646 1098 2681; x_wconf 67' lang='lat' dir='ltr'>tenda</span> <span class='ocrx_word' id='word_1_580' title='bbox 1123 2649 1177 2680; x_wconf 87' lang='lat' dir='ltr'>est</span> <span class='ocrx_word' id='word_1_581' title='bbox 1199 2654 1295 2679; x_wconf 89' lang='lat' dir='ltr'>nunc</span> <span class='ocrx_word' id='word_1_582' title='bbox 1313 2646 1433 2679; x_wconf 81' lang='lat' dir='ltr'>facere</span> <span class='ocrx_word' id='word_1_583' title='bbox 1455 2644 1553 2689; x_wconf 90' lang='lat' dir='ltr'>quod</span> <span class='ocrx_word' id='word_1_584' title='bbox 1574 2648 1663 2679; x_wconf 88' lang='lat' dir='ltr'>tunc</span> <span class='ocrx_word' id='word_1_585' title='bbox 1685 2653 1759 2678; x_wconf 91' lang='lat' dir='ltr'>non</span> 
     </span>
     <span class='ocr_line' id='line_1_109' title="bbox 987 2689 1757 2738; baseline -0.003 -10"><span class='ocrx_word' id='word_1_586' title='bbox 987 2691 1144 2738; x_wconf 90' lang='lat' dir='ltr'>poterit;</span> <span class='ocrx_word' id='word_1_587' title='bbox 1173 2697 1209 2727; x_wconf 91' lang='lat' dir='ltr'>et</span> <span class='ocrx_word' id='word_1_588' title='bbox 1235 2691 1325 2726; x_wconf 90' lang='lat' dir='ltr'>illud</span> <span class='ocrx_word' id='word_1_589' title='bbox 1356 2695 1586 2737; x_wconf 83' lang='lat' dir='ltr'>unguentum</span> <span class='ocrx_word' id='word_1_590' title='bbox 1612 2690 1649 2726; x_wconf 91' lang='lat' dir='ltr'>in</span> <span class='ocrx_word' id='word_1_591' title='bbox 1676 2689 1757 2726; x_wconf 92' lang='lat' dir='ltr'>loco</span> 
     </span>
     <span class='ocr_line' id='line_1_110' title="bbox 986 2737 1755 2783; baseline -0.004 -8"><span class='ocrx_word' id='word_1_592' title='bbox 986 2739 1092 2775; x_wconf 91' lang='lat' dir='ltr'>istius</span> <span class='ocrx_word' id='word_1_593' title='bbox 1114 2749 1212 2774; x_wconf 86' lang='lat' dir='ltr'>nunc</span> <span class='ocrx_word' id='word_1_594' title='bbox 1232 2737 1270 2773; x_wconf 89' lang='lat' dir='ltr'>in</span> <span class='ocrx_word' id='word_1_595' title='bbox 1302 2748 1360 2774; x_wconf 91' lang='lat' dir='ltr'>me</span> <span class='ocrx_word' id='word_1_596' title='bbox 1384 2737 1535 2783; x_wconf 84' lang='lat' dir='ltr'>expensi</span> <span class='ocrx_word' id='word_1_597' title='bbox 1563 2740 1651 2773; x_wconf 90' lang='lat' dir='ltr'>tunc</span> <span class='ocrx_word' id='word_1_598' title='bbox 1677 2747 1755 2773; x_wconf 87' lang='lat' dir='ltr'>ser-</span> 
     </span>
     <span class='ocr_line' id='line_1_111' title="bbox 985 2784 1756 2831; baseline -0.001 -11"><span class='ocrx_word' id='word_1_599' title='bbox 985 2786 1103 2829; x_wconf 88' lang='lat' dir='ltr'>vabit;</span> <span class='ocrx_word' id='word_1_600' title='bbox 1125 2785 1193 2829; x_wconf 75' lang='lat' dir='ltr'>vel,</span> <span class='ocrx_word' id='word_1_601' title='bbox 1214 2784 1392 2831; x_wconf 71' lang='lat' dir='ltr'>praecepit</span> <span class='ocrx_word' id='word_1_602' title='bbox 1406 2789 1551 2830; x_wconf 87' lang='lat' dir='ltr'>partem</span> <span class='ocrx_word' id='word_1_603' title='bbox 1569 2784 1676 2820; x_wconf 87' lang='lat' dir='ltr'>istius</span> <span class='ocrx_word' id='word_1_604' title='bbox 1690 2795 1756 2819; x_wconf 85' lang='lat' dir='ltr'>un-</span> 
     </span>
    </p>
   </div>
  </div>
 </body>
</html>
