1907 3139
139 200 179 235 42
626 198 835 232 SECUNDAE
872 196 1030 231 PARTIS
1067 195 1204 230 CAPUT
1242 195 1282 228 Vl

148 273 220 310 mis
252 275 289 310 et
309 271 520 320 peregrinis
539 283 606 309 sen
641 270 871 318 pauperibus
892 271 928 305 et

152 322 224 359 sibi
244 322 403 358 invicem
424 320 578 357 caritate
605 319 772 355 fraterna
793 319 927 354 subve-

151 369 274 410 niunt,
319 368 356 405 in
396 368 518 415 primo
555 368 673 414 gradu
707 365 927 408 consistent,

151 416 341 464 Angelicis
358 416 551 459 spiritibus
573 414 770 460 coaequati.
800 434 835 440 -
859 412 928 455 Qui

146 476 236 501 vero
254 464 426 501 oratione
441 467 477 500 et
490 462 689 500 devotione
707 459 929 497 familiarius

146 514 224 549 Deo
243 512 459 554 intendunt,
480 516 517 547 et
538 510 715 558 proximis
735 519 840 545 suam
860 507 927 543 do—

148 559 324 605 ctrinam,
345 558 559 602 eonsilium,
575 557 832 601 auxiliumque
856 555 926 590 im-

147 607 330 653 pendunt,
349 606 388 642 in
410 606 578 642 secundo
597 605 731 651 gradu,
751 603 928 639 Archan-

150 653 278 702 gelicis
302 653 496 698 spiritibus
515 653 790 688 inserentur.—
811 651 854 686 Et
866 649 929 695 qui

149 713 189 738 se
210 703 386 738 exercent
412 700 451 736 in
476 699 671 747 patientia,
695 697 927 742 obedientia,

148 753 186 786 et
205 748 420 785 voluntaria
450 749 687 794 paupertate,
710 748 746 782 et
768 744 929 781 humili—

144 799 236 841 tate,
257 806 466 841 omnesque
487 796 645 830 virtutes
666 793 814 829 sortiter
833 803 928 838 per—

145 846 277 890 agunt,
305 843 456 879 tertium
478 842 637 887 gradum
666 851 750 876 cum
770 839 926 875 Virtuti-

146 892 218 928 bus
239 891 510 926 conscendent.
537 910 574 915 —-
598 888 666 932 Qui
682 892 809 924 antem
830 886 929 922 vitiis

148 941 185 975 et
205 936 519 984 concupiscentiis
539 937 781 978 reluctantes,
803 934 929 970 diaho-

145 986 222 1022 lum
245 996 328 1021 cum
351 984 493 1021 cunctis
519 982 823 1029 suggestionibus
852 980 928 1017 suis

149 1037 408 1075 contemnunt,
421 1031 456 1067 in
469 1037 604 1076 quarto
621 1030 739 1077 gradu
761 1039 844 1065 cun]
861 1030 928 1063 Po-

148 1080 348 1116 testatihus
371 1080 598 1125 triumphum
624 1076 752 1122 gloriae
781 1075 927 1112 obline-

147 1128 259 1164 bunt.
286 1147 331 1153 —
347 1126 417 1169 Qui
439 1136 526 1161 vero
547 1127 582 1160 in
594 1124 771 1163 Ecclesia.
789 1122 928 1158 anima-

147 1185 230 1211 rum
253 1185 362 1210 curas
384 1176 419 1209 et
439 1172 661 1218 praelaturas
677 1171 745 1207 sibi
759 1169 928 1206 commis-

148 1232 206 1258 sas
242 1222 338 1257 bene
359 1223 497 1265 regunt
517 1225 554 1256 et
582 1218 814 1261 ministrant,
837 1219 927 1252 ani-

148 1279 298 1305 marum
320 1268 449 1311 lucris,
478 1268 538 1303 die
564 1271 750 1311 noctuque
784 1263 929 1309 invigi—

152 1317 336 1359 lantes‚et
355 1317 406 1351 sic
424 1315 566 1351 talenta
580 1313 649 1349 sibi
666 1312 804 1348 eredita
828 1322 928 1348 sum-

149 1374 211 1400 mo
251 1363 449 1399 conamine
480 1361 739 1408 duplicantes;
774 1359 813 1395 hi
844 1369 929 1395 cum

150 1409 431 1456 Principatihus
460 1411 498 1444 in
536 1409 666 1454 quinto
703 1407 820 1454 gradu
848 1406 927 1451 glo-

150 1458 245 1494 riam
267 1457 373 1503 regni
400 1468 467 1510 pro
501 1456 629 1492 labore
663 1466 730 1490 suo
751 1454 929 1500 possidc-
949 1486 952 1487 ⁷

149 1506 256 1543 bunt.
279 1526 321 1531 —·
346 1505 413 1548 Qlll
435 1508 559 1540 autem
582 1502 718 1538 divina}
740 1500 928 1547 majestati

130 1555 366 1606 [reverenter
392 1562 478 1586 cum
513 1552 611 1586 omni
638 1548 770 1585 humili
796 1548 929 1593 subje-

149 1599 272 1636 ctione
294 1610 333 1634 se
352 1598 548 1641 inclinant,
563 1600 597 1632 et
619 1607 686 1643 pro
705 1597 785 1642 eJ'us
808 1594 929 1641 gloria

153 1657 302 1684 omnem
323 1645 517 1682 hominem
542 1648 762 1680 reverentur
787 1646 820 1678 et
843 1641 928 1678 dili-

153 1697 260 1741 gunt,
285 1697 320 1730 et
338 1693 489 1739 quidem
512 1693 755 1737 semetipsos,
779 1689 866 1735 quia
883 1689 929 1724 ad

152 1742 356 1787 imaginem
376 1740 439 1776 Dei
457 1739 539 1775 facti
555 1742 707 1782 sunt,se
721 1737 834 1773 etiam
854 1738 928 1772 Deo

152 1792 332 1836 quantum
345 1786 761 1834 possuntconsormann
777 1794 927 1820 carnem

150 1846 256 1873 snam
277 1835 424 1882 spiritui
444 1834 700 1879 subjicientes,
729 1834 842 1877 atque
871 1832 929 1866 in-

154 1883 341 1920 centivum
382 1882 667 1923 mortificantes,
703 1879 828 1916 animo
862 1889 930 1914 suo

154 1931 407 1969 dominantes,
436 1931 472 1964 et
499 1928 546 1964 ad
577 1926 742 1963 coelestia
770 1926 930 1962 transse-

153 1980 301 2021 rentes;
337 1976 374 2012 hi
403 1986 488 2012 cum
530 1973 858 2011 Dominationibus
894 1974 930 2007 in

154 2030 257 2062 sexto
282 2026 398 2068 gradu
423 2023 673 2059 exsultabunt.
693 2041 736 2048 -
754 2020 822 2064 Qui
843 2030 932 2056 vero

157 2072 296 2108 sedulae
318 2069 551 2107 meditationi
569 2072 606 2105 et
623 2068 931 2114 contemplationi

158 2119 381 2162 inserviunt,
409 2129 450 2153 ar
484 2117 608 2152 cordis
634 2115 875 2158 munditiam,
897 2117 933 2150 et

157 2166 294 2202 mentis
324 2164 633 2210 tranquillitatem
658 2163 932 2206 amplectendo,

158 2212 434 2260 quietissimi-m
456 2211 493 2246 in
515 2222 553 2246 se
576 2212 650 2246 Deo
672 2210 847 2246 exhibent
865 2210 931 2244 ha-

157 2260 385 2303 bita‹·ulum;
412 2260 471 2305 qui
495 2258 629 2294 merito
648 2256 848 2304 paradisus
868 2256 933 2292 Dei

155 2307 335 2354 appellari
364 2306 552 2350 (licuntur,
582 2306 687 2351 juxta
712 2304 800 2340 illud
831 2315 839 2338 t
866 2306 934 2339 De-

155 2357 338 2391 liciaemcoe
353 2358 438 2390 suut
451 2364 524 2388 csse
539 2364 616 2388 cum
631 2354 720 2397 filiis
736 2353 933 2395 hominum,

155 2402 201 2438 de
223 2401 357 2448 quibus
385 2402 498 2436 etiam
520 2399 609 2435 (licit
630 2414 637 2436 ε
667 2399 871 2435 Ambulabo
896 2400 935 2433 in

156 2451 220 2494 eis,
252 2452 284 2484 ec
311 2449 482 2484 habitabo
515 2458 593 2483 cum
628 2448 692 2489 εἰς,
714 2446 752 2481 in
776 2445 935 2492 septimo

999 269 1117 315 gradu
1142 267 1304 305 Thronis
1335 267 1592 304 sociabuntur.
1620 285 1665 293 -
1705 264 1774 309 Qui

1000 320 1125 353 autem
1153 315 1309 353 scientia
1335 320 1369 352 et
1398 314 1612 361 cognitione
1640 313 1775 349 ceteris

1001 364 1181 408 eminent,
1219 365 1281 410 qui
1323 363 1504 409 singulari
1547 361 1778 397 beatitudine

1000 413 1117 448 Deum
1144 411 1236 448 facie
1267 411 1313 447 ad
1341 411 1490 454 faciem,
1527 413 1651 445 mente
1684 408 1777 444 illu—
1804 417 1806 421 “

1000 462 1141 504 strata,
1179 458 1425 505 conspiciunt,
1461 462 1499 493 el:
1528 468 1573 493 ea
1611 467 1694 502 quae
1735 466 1777 492 ex

998 506 1080 552 ipso
1102 507 1204 542 fonte
1224 505 1345 542 omnis
1365 503 1560 551 sapientias
1581 503 1776 547 hauriunt,

999 564 1067 601 per
1081 553 1290 590 doctrinam
1306 556 1342 589 et
1358 551 1672 588 illuminationem
1690 550 1779 586 alio-

1000 612 1084 637 rum
1107 600 1147 636 in
1172 601 1295 647 ipsum
1328 600 1548 644 refundunt,
1581 598 1622 634 in
1649 600 1778 633 octavo

1002 647 1232 685 ascensionis
1265 647 1398 693 gradu,
1439 656 1523 682 cum
1560 644 1778 682 Cherubicis

1002 695 1208 741 spiritibus,
1221 695 1459 730 locabuntur.
1475 714 1519 719 ——
1531 694 1575 729 Et
1585 693 1648 738 qui
1659 694 1778 728 Deum

1000 746 1079 779 toto
1098 743 1210 778 corde
1233 745 1269 778 et
1290 745 1417 777 mente
1446 740 1622 786 diligunt,
1643 742 1679 775 et
1701 739 1776 786 igni

1001 795 1160 833 aeterno,
1182 789 1246 835 qui
1267 791 1365 825 Deus
1381 792 1437 824 est
1455 799 1494 824 se
1510 791 1607 823 totos
1624 786 1778 823 immer-

1001 841 1106 884 gunt,
1132 837 1240 883 eique
1265 835 1445 871 simillimi
1478 834 1579 878 facti,
1598 835 1675 881 Jam
1702 845 1779 870 non

1002 896 1085 927 suo,
1118 885 1181 920 sed
1206 883 1330 919 divino
1355 893 1497 927 amore,
1529 882 1622 918 sicut
1654 880 1779 917 dilecti

1001 933 1047 968 ab
1071 934 1150 978 ipso
1170 935 1266 970 sunt,
1289 930 1451 976 diligunt
1483 929 1610 966 omnia
1628 928 1664 964 in
1687 930 1778 973 Deo,

1001 983 1037 1016 et
1050 983 1123 1015 tam
1145 979 1317 1014 inimicos
1335 988 1448 1023 quam
1462 976 1600 1013 amicos
1621 976 1781 1017 diligunt

1000 1030 1157 1073 propter
1173 1027 1291 1061 solum
1310 1027 1442 1069 Deum,
1460 1028 1552 1069 quos
1567 1024 1717 1070 quidem
1733 1023 1780 1058 ab

1002 1085 1130 1110 amore
1169 1073 1261 1109 nihil
1300 1077 1423 1119 potest
1462 1071 1695 1116 disjungere,
1716 1081 1781 1106 seu

1001 1121 1197 1167 impedire,
1223 1120 1310 1166 quia
1336 1131 1408 1165 quo
1433 1120 1552 1160 manis
1579 1117 1720 1154 inimici
1742 1117 1781 1153 in

1002 1179 1066 1204 eos
1086 1168 1300 1213 insurgunt,
1321 1178 1364 1203 eo
1400 1166 1559 1203 validius
1580 1164 1618 1201 in
1653 1175 1780 1201 amore

1001 1214 1145 1251 unitivo
1192 1214 1461 1250 convalescunt
1483 1244 1489 1256 ,
1532 1212 1625 1249 nihil
1665 1213 1778 1248 etiam

1002 1261 1272 1298 consolationis
1290 1265 1327 1297 et
1347 1260 1533 1297 commodi
1560 1259 1778 1306 temporalis

1002 1309 1213 1355 requirunt,
1242 1308 1313 1345 nisi
1347 1308 1448 1354 quod
1483 1308 1531 1344 ad
1563 1308 1715 1343 laudem
1743 1309 1781 1342 et

1001 1356 1167 1404 gloriam·
1202 1357 1267 1392 Dei
1309 1358 1464 1402 spectat,
1505 1365 1634 1391 amore
1667 1355 1782 1390 etiarn

1001 1410 1077 1440 tam
1101 1403 1260 1439 ferventi
1283 1402 1432 1439 accensi
1459 1405 1495 1438 et
1521 1401 1711 1442 inebriati,
1734 1401 1781 1437 ad

1003 1453 1121 1487 ileum
1162 1462 1228 1496 per
1268 1451 1368 1486 mille
1408 1453 1550 1486 mortes
1587 1448 1747 1485 transire
1771 1477 1779 1494 ,

1000 1498 1169 1544 exemplo
1198 1498 1461 1544 Apostolorum
1495 1501 1531 1533 et
1557 1497 1780 1532 Sanctorum

1001 1557 1076 1581 non
1098 1546 1320 1588 sorniidant;
1343 1544 1518 1580 omnibus
1536 1543 1635 1579 enim
1656 1542 1780 1589 poenis

1002 1596 1036 1629 et
1081 1592 1390 1629 trilmlationibus
1429 1590 1589 1636 spretis,
1630 1595 1782 1636 propter

1002 1641 1187 1676 servorem
1206 1638 1419 1675 dilectionis
1430 1638 1469 1674 in
1484 1648 1597 1675 earne
1611 1636 1781 1682 mortali,

1002 1692 1035 1723 et
1062 1687 1098 1722 iu
1121 1687 1195 1723 vita
1231 1686 1423 1733 praesenfi,
1444 1696 1595 1722 omnem
1618 1686 1782 1721 tolerant

1002 1735 1210 1781 gaudenter
1242 1733 1468 1776 molestiam,
1502 1731 1662 1769 feliciter
1692 1731 1782 1779 qui—

1002 1783 1086 1817 dem
1119 1781 1155 1817 in
1182 1781 1394 1827 semetipsis
1418 1780 1593 1816 ardentes
1624 1783 1660 1815 et
1687 1778 1782 1815 alios

1002 1829 1263 1866 accendentes.
1287 1829 1339 1864 ila
1353 1827 1448 1869 ut,si
1467 1829 1629 1873 possent,
1651 1836 1783 1862 omnes

1002 1876 1175 1912 homiues
1197 1876 1235 1911 in
1254 1875 1388 1911 deifico
1409 1885 1538 1911 amore
1560 1874 1784 1910 inflamma-

1002 1927 1101 1968 rent,
1129 1927 1165 1959 et
1197 1923 1383 1969 perfectos
1416 1923 1596 1965 facerent,
1631 1925 1672 1957 ut
1699 1931 1782 1957 cum

1004 1971 1092 2017 ipsis
1116 1971 1316 2014 ai·‹lereiit;
1333 1970 1394 2015 qui
1414 1969 1528 2005 etiam
1550 1969 1712 2005 aliorum
1734 1967 1783 2004 vi-

1007 2019 1057 2054 tia
1079 2021 1115 2053 et
1138 2021 1306 2064 peccata,
1327 2020 1521 2063 tamquam
1542 2015 1708 2062 propria,
1730 2015 1782 2051 lu·

1004 2069 1114 2113 gent3
1135 2075 1202 2100 nec
1223 2075 1306 2109 quse
1328 2075 1395 2100 sua
1413 2067 1500 2099 sunt
1515 2066 1702 2109 quaeruut,
1717 2062 1783 2098 sed

1005 2112 1120 2149 solius
1141 2111 1204 2148 Dei
1234 2111 1354 2147 Patris
1384 2110 1517 2146 faciem
1541 2109 1781 2146 desiderabi—

1005 2161 1092 2203 lem,
1113 2159 1230 2194 hianti
1251 2169 1399 2204 semper
1419 2157 1559 2202 animo,
1580 2167 1693 2202 super
1707 2167 1783 2193 om-

1005 2207 1067 2243 nia
1090 2206 1251 2252 diligunt
1273 2212 1305 2241 et
1329 2208 1548 2248 exquirunt;
1567 2204 1625 2240 isti
1649 2206 1783 2240 merito

1006 2254 1044 2290 in
1065 2265 1164 2289 nouo
1180 2253 1298 2299 gradu
1317 2264 1398 2289 eum
1414 2252 1609 2298 Seraphim
1631 2261 1782 2297 compu-

1006 2303 1196 2338 tabuntur.
1224 2302 1324 2335 [nter
1353 2311 1445 2346 quos
1467 2305 1503 2335 et
1532 2301 1660 2337 Deum,
1686 2297 1780 2334 nulli

1006 2349 1193 2385 intersunt
1215 2347 1379 2392 spiritus,
1405 2347 1467 2393 qui
1484 2347 1603 2393 ipsum
1625 2344 1784 2381 vicinius

1007 2395 1321 2440 contemplentur,
1358 2400 1394 2431 et
1424 2394 1496 2440 ipsi
1527 2392 1783 2430 immediatius

1006 2444 1310 2491 appropinquare
1334 2442 1547 2479 videantur.

885 2597 1058 2636 ORATIO

208 2724 368 2762 Domine
391 2726 480 2761 Jesu
502 2722 661 2768 Christe,
680 2723 860 2769 Magister
883 2724 919 2758 et
938 2727 1063 2759 rector
1080 2721 1193 2766 bone,
1216 2719 1344 2757 omnia
1363 2718 1544 2755 interiora
1565 2722 1602 2755 et
1621 2718 1783 2755 exterio-

161 2784 205 2810 ra
224 2784 309 2809 mea
325 2773 495 2819 guberna
517 2772 701 2818 propitius
720 2775 755 2807 et
778 2781 880 2816 rege,
900 2782 946 2806 ne
967 2780 1147 2816 umquam
1169 2768 1251 2805 aliis
1273 2770 1317 2804 de
1345 2778 1418 2813 me,
1439 2767 1497 2802 vel
1516 2766 1605 2803 mihi
1627 2768 1671 2802 de
1700 2765 1783 2802 aliis

165 2822 388 2858 scandalum
405 2821 605 2867 proveniat
622 2831 631 2864 3
652 2819 717 2856 sed
742 2829 893 2855 omnem
915 2820 1151 2855 occasionem
1174 2815 1342 2853 scandali
1359 2819 1426 2852 tua
1451 2815 1573 2862 gratia
1592 2825 1614 2852 a
1633 2824 1692 2851 me
1710 2814 1784 2850 ah-
