1907 3139
217 201 270 234 DE
308 200 473 234 rAsGflA
512 201 559 233 ΕΤ
599 200 749 234 vitulis
791 186 923 235 tltlltls
962 200 1151 235 Noithls
1190 192 1555 232 AucuthoNlssus.
1650 192 1713 229 319

72 273 165 307 mori
182 282 250 317 pro
276 272 423 317 populo,
450 269 610 305 nescivit
633 268 723 316 qnid
746 270 849 307 dice-

21 342 22 356 i
73 322 143 365 ret,
171 322 208 355 et
232 322 359 355 tamen
388 316 641 364 prophetavit.
672 317 854 355 Similiter

72 369 128 403 est
149 367 195 402 de
217 364 373 412 singulis
391 364 508 410 gestis
522 364 712 401 Passionis
734 366 857 402 Domi-

71 413 181 458 nicae,
206 424 290 460 quae
314 423 382 448 nos
402 412 591 459 inspicere
606 412 802 458 debemus,
818 416 854 449 et

21 499 22 512 ἶ
71 461 278 498 secundum
301 460 492 507 exemplar
510 460 661 497 illorum
680 461 816 497 tacere.
835 475 853 494 »

21 514 22 559 ζ
116 517 138 558 Δ,
165 515 400 552 TRADENTmM
418 514 602 551 Cmusruii
618 526 777 554 nivssnsffl
794 526 855 549 vo-

21 567 22 611 }
72 572 269 597 LUNTATES.
298 583 341 587 —
361 564 410 598 Et
428 563 569 606 factum
591 567 657 606 est,
674 573 753 598 cum
772 573 854 598 con-

21 615 22 635 l
70 612 286 645 summasset
312 611 417 645 Jesus
447 620 626 648 sermones
647 611 708 645 hos
735 620 854 646 omnes

21 648 22 680 ἶ
72 656 289 703 praedictos,
314 657 359 693 de
391 658 555 694 secundo
593 657 771 702 adventu,
793 656 854 693 ubi

21 732 22 735 ,
72 714 112 740 se
130 707 334 741 venturum
359 705 406 741 ad
422 705 609 751 judicium
630 704 669 740 in
684 705 855 741 claritate

21 776 22 790 ι
74 752 261 797 praedixit,
289 756 565 798 consequenter
591 764 631 789 se
656 763 856 799 passurum

73 799 252 844 ostendit,
273 803 315 836 ut
344 804 624 836 sacramentum
648 800 770 836 crucis
792 800 855 836 ad-

74 845 231 882 mixtum
259 858 340 883 esse
374 847 505 894 gloria}
533 847 757 884 {eternitatis
793 848 856 883 ad-

76 898 241 939 moneat3
266 895 387 941 quasi,
406 896 466 942 qui
486 895 712 941 compatitur
733 895 855 931 cruci-

73 941 162 982 ῘὶΧο,
180 952 257 977 non
277 942 401 978 timuit
421 942 635 990 dejudicio,
655 943 857 1025 0011111111013

20 989 22 1001 “
74 987 177 1024 enim
197 992 285 1025 sunt
305 993 343 1025 ut
358 1001 469 1027 causa
490 989 613 1026 finalis
635 993 671 1026 et
686 990 722 1026 et
739 993 854 1033 ectus,

21 1063 22 1066 η
74 1035 195 1082 gloria
231 1037 456 1074 aeternitatis
491 1041 527 1074 et
552 1037 729 1074 meritum
766 1039 857 1073 Pas-

20 1091 22 1138 ζ
75 1083 203 1121 sionis,
222 1084 526 1122 Postadventum
544 1096 633 1132 ergo
647 1084 858 1131 majestatis

20 1153 22 1159 ι
75 1130 202 1167 subdit
219 1131 473 1169 humilitatem
490 1133 692 1176 Passionis,
714 1136 753 1170 ut
775 1143 859 1168 cau-

21 1194 22 1223 1
76 1188 158 1214 sam
181 1179 304 1217 illius:
330 1179 524 1217 Passionis
557 1180 659 1217 enim
686 1181 857 1224 effectus,

21 1266 22 1269 Ἰ
76 1225 135 1263 vel
152 1237 266 1263 causa
284 1227 426 1272 finalis,
449 1230 505 1264 est
532 1227 652 1274 gloria
670 1227 860 1264 aeternita-

21 1293 22 1296 =
77 1272 138 1318 tis,
158 1275 260 1310 unde
281 1275 484 1321 Apostolus
508 1287 516 1312 :
551 1277 716 1312 Christus
737 1277 860 1320 factus

79 1323 137 1357 est
169 1322 338 1360 obediens
364 1334 477 1368 usque
507 1323 556 1359 ad
583 1326 747 1364 mortem,
769 1334 860 1360 mor-

77 1371 147 1404 tem
181 1372 301 1406 autem
342 1372 480 1415 crucis,
507 1374 655 1417 propter
695 1371 792 1416 quod
829 1373 862 1406 et

76 1418 172 1452 Deus
187 1418 367 1454 eaealtavit
382 1419 501 1454 illum.
516 1418 650 1465 Incipit
667 1429 756 1461 ergo
777 1428 862 1454 nar-

78 1463 266 1501 rationem
282 1465 327 1501 de
344 1466 486 1502 Pascha
504 1468 541 1501 et
562 1466 608 1501 de
628 1476 694 1502 sua
716 1465 862 1502 Passio-

77 1521 139 1555 ne,
153 1521 227 1557 qua
241 1512 408 1549 Christus
426 1512 508 1559 ipse
526 1514 670 1549 Pascha
692 1517 861 1549 nostrum

79 1558 200 1594 fuerat
233 1559 501 1596 immolandus.
535 1561 578 1596 Et
615 1560 748 1596 eadem
786 1559 861 1605 die,

84 1605 226 1641 scilicet
241 1607 336 1643 feria
351 1607 464 1644 tertia
482 1606 521 1643 in
537 1617 635 1648 sero,
656 1612 692 1644 et
706 1606 862 1651 ibidem,

81 1652 222 1689 scilicet
234 1653 272 1690 in
284 1658 412 1690 monte
424 1654 571 1699 Oliveti;
585 1655 685 1691 dimit
702 1665 791 1700 ergo
806 1656 862 1690 di-

80 1702 235 1747 scipulis
249 1704 349 1738 suis:
364 1703 477 1739 Scitis
493 1704 583 1747 quia
594 1705 680 1748 post
697 1703 862 1747 biduum,

82 1747 120 1783 id
139 1752 213 1784 est·
226 1748 322 1785 feria
342 1749 474 1795 quinta
495 1749 543 1785 ad
568 1760 782 1796 vesperam,
797 1752 863 1785 Pa-

78 1796 166 1831 seha
185 1798 258 1841 stet,
282 1800 318 1832 et
337 1807 456 1842 agnus
467 1797 656 1842 paschalis
672 1795 867 1833 immolari

80 1843 206 1880 debet.
227 1846 288 1885 Et,
312 1855 380 1890 ego
397 1844 494 1881 addo
505 1844 605 1890 quod
618 1843 785 1889 nescitis,
798 1843 864 1880 sci-

79 1889 167 1943 licet
188 1891 287 1936 quod
310 1894 400 1928 tunc
425 1892 540 1928 etiam
554 1893 671 1928 Filius
692 1893 862 1937 hominis,

82 1937 120 1974 1d
139 1940 197 1974 est
219 1938 399 1984 Virginis,
423 1940 593 1975 tradetur
609 1942 649 1976 ut
669 1941 864 1985 crucifigya-

83 1988 156 2027 tur,
178 1988 215 2021 et
246 1987 394 2023 Pascha
414 1986 528 2023 faciet
548 1986 796 2023 transeundo.
815 1988 866 2023 Ex

84 2042 157 2078 quo
175 2036 293 2079 patet,
317 2034 416 2080 quod
434 2045 511 2071 non
535 2034 606 2071 suit
624 2045 668 2070 ex
688 2035 865 2080 ignoran-

83 2079 137 2116 tia
162 2080 338 2126 traditus;
362 2081 428 2117 sed
454 2092 498 2119 ex
521 2093 589 2119 sua
612 2081 884 2128 praescientia(

87 2130 124 2164 et
142 2128 350 2166 voluntate.
380 2130 482 2165 Bene
506 2133 634 2166 autem
661 2129 752 2164 dicit
774 2141 782 2165 ;
805 2131 866 2165 Fi-

88 2176 160 2211 lius
177 2177 349 2221 hominis,
366 2178 466 2223 quia,
485 2177 691 2213 secundum
707 2177 869 2214 sormam

84 2223 292 2260 humanam
325 2227 451 2260 tentus
485 2227 522 2260 et
562 2223 762 2261 crucifixus
798 2227 867 2270 est,

85 2281 162 2306 non
186 2271 393 2307 secundum
414 2270 595 2316 divinam,
616 2272 653 2307 in
672 2282 748 2317 qua
769 2282 866 2307 sem-

86 2327 155 2364 per
174 2317 401 2356 immortalis
419 2321 495 2363 est;
515 2322 552 2355 et
574 2320 667 2355 benc
689 2320 870 2365 imperso-

83 2364 224 2401 naliter
258 2366 399 2412 posuit,
449 2367 631 2410 trccctctw·,
670 2366 758 2412 quia
793 2376 869 2402 uno

85 2412 303 2450 traditionis
327 2415 442 2450 verbo
469 2414 629 2451 diversae
656 2414 869 2449 voluntates

88 2461 363 2506 exprimuntur.
387 2463 480 2498 Nam
498 2463 597 2498 Deus
619 2462 731 2497 Pater
752 2460 869 2497 tradi-

90 2506 144 2543 dit
170 2507 304 2545 Filium
325 2512 480 2556 propter
516 2510 726 2550 caritatem,
749 2511 785 2543 et
805 2519 869 2555 ge-

87 2553 192 2590 neris
211 2555 367 2592 humani
387 2555 602 2601 utilitatem,
624 2567 644 2592 e
660 2558 791 2591 contra
809 2557 829 2592 J
835 2567 872 2591 u-

89 2601 158 2638 das
184 2602 336 2647 Judaeis,
360 2607 514 2650 propter
540 2602 737 2641 avaritiam
759 2606 796 2639 et
816 2603 870 2638 lu-

91 2648 145 2686 cri
172 2649 231 2686 sui
269 2649 536 2699 cupiditatem3
575 2651 680 2694 item,
713 2649 872 2696 Spiritus

94 2696 252 2733 Sanctus
272 2701 426 2744 propter
451 2709 557 2736 suam
583 2697 872 2744 benignitatem,

96 2754 116 2779 e
134 2747 266 2782 contra
285 2744 407 2782 Judaei
442 2745 562 2782 Pilato
595 2748 750 2792 propter
776 2744 872 2783 invi-

97 2790 198 2827 diam
233 2795 271 2828 et
301 2792 597 2838 malignitateni;
626 2793 729 2837 item,
760 2792 873 2829 Filius

95 2839 276 2886 seipsum,
293 2842 332 2876 ut
343 2839 516 2886 impleret
531 2839 807 2887 beneplacitum
822 2839 872 2876 di-

930 270 1074 315 vinum,
1097 279 1118 305 e
1138 272 1274 305 contra
1292 268 1435 305 Pilatus
1455 268 1572 314 cruci,
1599 273 1640 305 ut
1654 280 1714 305 sa-

930 317 1123 355 tisfaceret
1144 327 1335 364 perversae
1357 315 1544 352 voluntati
1565 317 1717 353 Judaeo-

930 375 1028 410 rurn;
1041 364 1146 409 item,
1163 363 1339 400 diabolus
1353 365 1511 410 propter
1525 362 1718 408 timorem,

929 425 976 450 ne
1024 423 1065 449 er
1085 411 1222 450 Christi
1245 411 1458 446 doctrinam
1474 413 1511 445 ct
1530 411 1716 447 miracula

931 472 996 497 evo
1016 461 1159 497 leretur
1177 469 1300 505 genus
1314 458 1523 494 humanum
1541 458 1587 493 dc
1604 469 1715 494 manu

930 519 1010 554 sua,
1032 519 1104 544 non
1139 507 1343 544 advertens
1367 505 1454 551 quia
1485 505 1605 551 magis
1635 509 1717 542 orat

930 566 998 602 per
1013 554 1132 602 ipsius
1154 557 1315 592 mortem
1333 552 1586 599 eripiendum,
1604 563 1717 599 quam

932 604 1054 641 fuerat
1068 614 1135 649 per
1153 602 1369 638 doctrinam
1384 604 1421 637 et
1435 599 1616 638 miracula
1635 611 1716 636 ere-

932 654 1050 696 ptum.
1074 652 1169 686 Ecce
1198 660 1293 698 opus
1316 658 1533 692 commune,
1561 647 1627 683 sed
1654 658 1717 683 vo—

932 699 1097 734 luntates
1115 698 1278 735 diversae
1295 696 1420 741 valde,
1438 706 1529 741 ergo
1553 696 1665 730 Pater
1682 697 1719 730 et

933 746 1048 782 Filius
1070 748 1106 782 et
1130 745 1292 792 Spiritus
1318 745 1477 781 Sanctus
1500 753 1577 778 non
1598 743 1719 778 sotum

932 793 1101 838 amandi,
1121 792 1315 829 sedetiam
1331 789 1718 843 glor.ficandi;Judas

933 844 1061 878 autem
1093 844 1130 876 et
1152 840 1213 877 alii
1236 850 1311 876 non
1332 839 1455 876 solum
1483 836 1718 881 detestandi,

934 889 1000 924 sed
1037 887 1151 924 etiam
1191 886 1460 923 contemnendi
1497 888 1595 929 sunt,
1634 884 1722 931 quia

934 935 1035 982 quod
1057 936 1169 971 Pater
1189 938 1225 972 et
1246 934 1362 970 Filius
1381 937 1416 970 et
1438 933 1598 980 Spiritus
1619 934 1720 969 San-

937 986 1017 1019 ctus
1050 983 1162 1026 bona,
1188 983 1259 1018 hoc
1286 981 1340 1017 illi
1374 982 1474 1018 mala
1510 979 1720 1017 intentione

935 1031 1118 1067 fecerunt.
1136 1029 1313 1066 Praedicit
1331 1033 1457 1065 autem
1481 1028 1721 1080 discipulisse

936 1078 1179 1119 tradendum,
1197 1076 1458 1124 praemuniens
1473 1087 1537 1112 eos
1553 1087 1600 1111 ne
1621 1085 1721 1121 prius

937 1136 1049 1171 quam
1070 1126 1228 1162 audiant
1254 1136 1337 1171 quae
1359 1127 1541 1160 eventura
1558 1124 1719 1163 fuerant,

936 1173 1061 1209 subito
1084 1173 1257 1209 videntes
1283 1171 1381 1208 tradi
1413 1171 1460 1208 acl
1480 1181 1630 1208 crucem
1649 1171 1723 1206 Ma-

936 1221 1111 1268 gistrum,
1141 1221 1424 1266 obstupescant.

986 1271 1005 1303 5
1021 1269 1101 1304 Vox
1115 1270 1259 1304 PASCUA
1270 1278 1512 1304 uquirAmAii
1524 1277 1719 1303 ACCIPITUR.

940 1335 981 1341 --
1006 1317 1062 1359 Et,
1083 1316 1170 1362 quia
1190 1317 1261 1352 hoc
1282 1325 1420 1352 nomeu
1446 1315 1591 1350 Pascha
1615 1315 1651 1349 in
1671 1313 1725 1349 di-

939 1362 1058 1399 versis
1080 1363 1174 1400 locis
1200 1362 1405 1409 reperitur,
1429 1366 1466 1399 et
1486 1361 1636 1398 diversa
1656 1372 1724 1407 per

937 1409 1062 1456 ipsum
1083 1411 1366 1457 significantur3
1387 1410 1471 1446 ideo
1489 1420 1536 1445 ne
1552 1409 1590 1444 in
1612 1408 1725 1454 aequi-

939 1468 1032 1493 voco
1053 1469 1238 1503 erremus,
1255 1458 1424 1494 diversas
1441 1457 1522 1503 ejus
1541 1457 1726 1502 acceptio-

939 1516 1006 1541 nes
1028 1505 1235 1543 videamus.
1252 1504 1457 1542 Sciendum
1475 1515 1580 1550 erge,
1601 1505 1648 1540 ad
1667 1514 1723 1540 so-

941 1552 1126 1589 lutionem
1160 1553 1366 1590 multarum
1395 1551 1723 1596 contrarietatum,

941 1600 1042 1645 quod
1075 1602 1220 1638 Pascha
1247 1600 1460 1648 appellatur
1485 1598 1622 1645 primo,
1646 1602 1725 1635 tota

940 1647 1167 1693 septimana,
1195 1660 1261 1684 seu
1285 1651 1429 1695 septem
1461 1647 1541 1682 dics
1573 1657 1722 1693 azymo-

940 1706 1037 1734 rum.
1057 1695 1195 1743 quibus
1213 1696 1335 1732 Judaei
1350 1705 1467 1743 panes
1480 1695 1723 1741 azymos,hoc

940 1745 997 1778 est
1014 1743 1096 1779 sine
1116 1744 1318 1788 fermento,
1340 1742 1612 1785 comedebant;
1634 1752 1723 1778 nain

940 1797 978 1842 ά,
1009 1796 1104 1840 sine,
1133 1796 1170 1832 et
1194 1796 1297 1843 ζύμη,
1326 1796 1554 1832 fermentum
1579 1795 1722 1841 signiti-

941 1849 1015 1888 cat,
1031 1844 1134 1881 unde
1152 1843 1191 1879 in
1210 1845 1387 1880 Actibus:
1411 1845 1540 1881 Valens
1556 1847 1639 1889 post
1655 1845 1725 1880 Pa-

940 1895 1028 1930 seha
1044 1891 1244 1938 producere
1264 1902 1343 1927 eum
1357 1892 1507 1938 populo,
1532 1894 1602 1927 etc.
1622 1902 1630 1935 ;
1651 1891 1724 1938 pri-

943 1951 1026 1979 mus
1053 1942 1089 1976 et
1110 1937 1265 1975 ultimus
1284 1938 1364 1976 dies
1387 1938 1487 1974 illius
1503 1939 1724 1984 septimanae

941 1986 1064 2034 magis
1083 1987 1270 2023 solemnes
1283 1990 1391 2023 erant
1404 1996 1518 2032 quam
1533 1985 1660 2022 medii.
1678 2007 1724 2012 --

944 2034 1132 2077 Secundo,
1164 2033 1302 2071 dicitur
1337 2034 1432 2070 hora
1452 2032 1725 2070 immolationis

943 2081 1047 2130 agni,
1073 2080 1216 2118 scilicet
1242 2092 1402 2127 vespera
1422 2092 1495 2134 qua
1521 2091 1640 2126 agnus
1658 2080 1725 2116 ima

944 2130 1172 2174 molabatur,
1189 2140 1272 2176 quae
1289 2132 1345 2164 est
1358 2128 1509 2164 initium
1523 2127 1635 2174 primi
1651 2127 1725 2166 diei

943 2186 1175 2224 azymorum,
1190 2175 1255 2223 qui
1268 2175 1475 2212 solemnior
1487 2178 1580 2219 erat,
1592 2178 1633 2211 ut
1650 2175 1724 2213 hic:

942 2227 1068 2269 Scitis,
1086 2226 1175 2271 quia
1199 2227 1285 2270 post
1317 2224 1467 2260 biduum
1490 2224 1632 2259 Pascha
1650 2226 1725 2270 fiet,

944 2272 1044 2308 unde
1071 2274 1199 2309 cantat
1222 2270 1390 2307 Ecclesia
1410 2282 1418 2307 :
1443 2271 1727 2315 Quartodecima

944 2320 1004 2355 die
1032 2319 1080 2354 ad
1103 2329 1304 2364 vesperam,
1328 2319 1466 2355 Pascha
1493 2320 1639 2355 Domini
1659 2321 1726 2365 est,

945 2370 1032 2410 etc.;
1055 2366 1135 2403 dies
1155 2372 1282 2404 autem
1302 2366 1521 2413 praecedens
1540 2365 1641 2402 illam
1663 2366 1727 2402 ho-

944 2424 1042 2458 ram,
1064 2424 1131 2449 nec
1158 2414 1301 2451 Pascha
1325 2413 1533 2457 dicebatur,
1562 2424 1630 2450 nec
1657 2424 1725 2449 so-

945 2461 1082 2497 lemnis
1102 2464 1257 2497 erat.--—
1276 2459 1564 2506 Tertio,dicitur
1580 2459 1726 2507 primus

946 2519 1180 2555 azymorum,
1223 2507 1287 2555 qui
1323 2511 1404 2544 erat
1441 2507 1725 2553 celeberrimus,

946 2555 1089 2593 scilicet
1100 2555 1384 2602 quintadecima
1395 2556 1484 2592 luna
1498 2555 1610 2602 primi
1624 2566 1725 2592 men-

945 2604 1010 2648 sis,
1032 2604 1181 2650 quando
1205 2614 1381 2650 egressus
1408 2606 1464 2640 est
1491 2603 1651 2649 populus
1672 2605 1724 2640 Is—

945 2651 1024 2687 rael
1045 2651 1091 2689 de
1108 2652 1279 2698 AEgyptO‚
1302 2654 1342 2688 ut
1360 2650 1425 2688 ibi:
1440 2651 1725 2696 Appropinqua-

948 2699 1010 2735 bat
1029 2698 1106 2734 dies
1127 2700 1247 2744 festus
1264 2709 1489 2743 azymorum,
1512 2698 1724 2743 quidicz'tzcr

945 2746 1107 2789 Pascha;
1129 2749 1166 2785 et
1184 2745 1237 2783 ihi
1259 2747 1379 2784 :Ante
1397 2746 1491 2782 diem
1505 2747 1639 2789 festum
1659 2747 1725 2783 Pa-

946 2794 1052 2838 schae,
1072 2795 1140 2829 etc.
1157 2814 1202 2820 -—
1220 2794 1374 2837 Quarto,
1392 2791 1528 2828 dicitur
1542 2791 1723 2828 festivitas

945 2841 1065 2887 epulae
1081 2841 1284 2887 paschalis,
1299 2843 1339 2877 ut
1354 2840 1393 2876 in
1409 2838 1719 2885 paralipomenis:
