1855 3139
81 186 119 221 40
579 187 784 223 SECUNDAE
821 188 978 224 PARTIS
1018 188 1149 223 CAPUT
1187 187 1226 221 vl

80 260 148 296 lem
168 259 208 294 in
226 257 370 295 nomine
381 268 472 303 meo,
486 269 542 294 me
554 261 729 306 suseipit3
754 258 857 306 quin·

80 310 132 348 to,
157 305 196 342 in
218 306 374 353 Jud1cio‚
403 306 490 352 quia
509 309 565 343 est
585 307 776 354 praecipua
794 307 858 343 ul—

79 353 153 390 trix
188 354 394 400 opprobrii,
436 354 533 390 unde
577 366 585 390 :
626 355 696 398 Qui
736 358 859 391 autem

80 401 391 437 scandalizaverit
407 413 518 438 unum
537 402 580 437 de
594 403 743 447 pusillis
762 403 858 445 istis,

81 448 231 495 empedit
255 450 303 493 ei,
329 452 400 485 etc.
421 460 430 493 3
455 452 571 494 sexto,
599 449 636 484 in
663 450 733 485 hoc
755 447 861 485 exsi-

82 497 148 540 lio,
167 495 255 542 quia
275 496 356 543 ejus
382 495 543 532 ministri
567 496 722 532 comites
741 501 778 532 et
799 495 862 531 ad-

79 544 226 590 J'utores
252 546 340 580 sunt
359 543 491 589 Angeli
523 542 638 587 beati,
666 543 766 579 unde
801 553 860 578 se-

84 590 212 637 quitur
243 602 251 626 :
289 591 417 627 Videte
436 601 479 626 ne
498 592 734 626 contemnatis
750 600 862 625 unum

84 648 130 673 eoe
145 639 202 673 his
224 639 419 684 pusillis...
438 640 526 683 quia
538 638 673 682 Anqeli
689 648 809 673 eorum
823 639 863 672 in

86 687 183 723 coelis
200 696 340 731 semper
353 685 477 720 vident
494 686 627 729 faciem
639 686 762 720 Patris
778 686 860 720 mei.

134 736 154 768 6
167 733 243 768 CUR
257 744 328 768 NON
338 743 425 768 anT
438 744 684 768 coxrssnxmm
695 731 865 768 mavum?

86 800 130 806 —
143 781 343 825 Postquam
352 790 440 826 ergo
450 779 576 816 docuit
585 779 701 815 vitare
713 779 865 816 scanda-

86 828 190 871 lum3
214 829 487 872 consequenter
503 827 613 863 docet
632 826 752 863 vitare
774 838 865 862 con—

88 876 288 920 temptum,
312 873 375 919 qui
402 877 459 910 est
486 874 592 920 quasi
614 873 719 910 radix
753 873 868 920 ipsius

89 920 270 958 scandali.
296 921 471 964 Quamvis
489 922 588 957 enim
617 932 685 968 pro
712 920 866 957 vitando

90 969 269 1005 scandalo
282 968 464 1005 Dominus
480 979 610 1005 omnes
626 969 798 1004 carnales
813 968 867 1004 af-

89 1015 209 1052 fectus
223 1015 445 1062 praeceperit
458 1019 868 1062 respuere‚nonta1nen

90 1073 360 1109 usquequaque
379 1066 420 1098 ut
435 1063 686 1109 despiciamus
703 1063 799 1106 illos,
822 1062 868 1098 de

90 1120 250 1156 quorum
271 1109 391 1145 salute
410 1120 612 1155 possumus
631 1120 735 1156 spem
751 1110 868 1145 habe-

91 1167 146 1200 re,
170 1156 216 1192 de
255 1166 330 1202 qua
366 1156 515 1192 solliciti
551 1158 731 1193 debemus
762 1166 868 1201 esse3

92 1202 191 1239 unde
212 1203 275 1238 dat
299 1202 500 1250 specialem
519 1214 669 1240 causam
684 1214 757 1239 non
779 1213 869 1239 con-

95 1249 286 1286 temnendi
325 1250 481 1296 pusillos
516 1254 551 1286 et
586 1250 778 1297 parvulos,
806 1250 871 1286 sed

94 1296 319 1339 honorandi,
343 1300 380 1333 et
407 1298 565 1334 salutem
602 1308 733 1334 eorum
761 1308 871 1344 quae-

93 1344 201 1381 rendi
219 1356 227 1389 ;
249 1344 337 1390 quia
366 1344 437 1391 ipsi
471 1348 558 1381 sunt
598 1346 676 1381 Deo
713 1346 872 1381 multum

95 1391 187 1436 cari,
211 1392 311 1437 quod
339 1391 503 1428 ostendit
524 1403 567 1428 ex
590 1392 749 1428 duobus.
776 1391 873 1427 Dicit

97 1450 201 1485 ergo:
227 1439 355 1476 Videte
374 1450 418 1474 ne
438 1442 675 1475 contemnatis
694 1450 806 1474 unum
827 1449 872 1474 ese

97 1488 154 1522 his
172 1488 335 1532 pusillis.
370 1487 421 1522 Ac
457 1486 487 1523 si
518 1487 630 1528 dicat,
667 1486 873 1522 secundum

97 1535 355 1578 Hieronymum
380 1544 388 1569 :
410 1534 599 1578 Quantum
615 1534 654 1570 in
673 1533 780 1569 vobis
801 1536 871 1574 est,

97 1580 213 1617 nolite
234 1585 491 1625 contemnere3
516 1581 581 1617 sed
602 1585 685 1628 post
711 1585 873 1616 vestram

98 1629 256 1664 salutem
277 1628 391 1664 etiam
420 1628 570 1664 illorum
594 1627 751 1675 quaerite
771 1627 874 1664 sani-

96 1678 226 1711 tatem.
248 1675 285 1712 Si
300 1679 425 1712 autem
441 1681 727 1721 perseverantes
740 1675 777 1710 in
791 1685 874 1721 pec-

101 1722 194 1758 catis
216 1722 301 1758 illos
331 1722 513 1767 videritis,
541 1722 675 1759 melius
709 1726 765 1758 est
809 1733 875 1758 vos

97 1769 219 1806 salvos
243 1770 340 1813 fieri,
357 1780 470 1816 quam
484 1770 608 1817 perire
628 1780 711 1806 cum
732 1769 871 1805 multis.

96 1817 140 1852 Et
156 1816 283 1862 primo
302 1818 468 1853 ostendit
492 1818 562 1853 hoc
589 1828 633 1854 ex
661 1816 874 1853 honorabi—

99 1863 125 1899 li
145 1864 372 1909 Angelorum
390 1864 573 1906 custodia,
594 1865 722 1900 dicens
751 1875 759 1899 :
788 1866 874 1899 Dico

99 1913 193 1946 enim
212 1912 327 1956 vobis,
346 1914 434 1956 quia
452 1913 588 1955 Anqeli
608 1923 741 1952 eorum,
761 1911 798 1946 id
819 1915 877 1946 est

100 1957 154 1993 eis
180 1958 360 2003 assignati
392 1959 431 1994 in
452 1959 569 2001 coelis,
592 1970 731 2005 semper
750 1959 876 1994 vident

99 2006 231 2048 faeiem
256 2008 379 2041 Patris
412 2008 495 2050 mei,
530 2008 594 2052 qui
626 2009 665 2042 in
692 2007 788 2041 ecelis
809 2009 874 2050 est,

99 2051 138 2087 id
156 2055 212 2087 est
229 2052 370 2088 visione
383 2053 696 2089 manifestationis
709 2053 773 2089 Dei
790 2063 875 2099 per-

101 2099 288 2134 fruuntur.
308 2100 435 2135 Facies
456 2100 554 2136 enim
569 2100 649 2143 Dei,
672 2101 875 2136 secundum

101 2146 365 2190 Auqustinum,
387 2147 639 2183 manifestatio
661 2148 740 2193 ejus
768 2147 876 2183 intel-

102 2192 252 2238 ligenda
274 2196 342 2236 est,
366 2197 403 2229 et
427 2193 511 2230 idco
550 2198 711 2240 possunt
736 2205 875 2230 renun-

100 2239 197 2276 tiare
217 2239 374 2285 injurias
407 2239 530 2277 illatas
558 2240 612 2277 eis
634 2252 724 2286 quos
744 2245 877 2277 custo—

103 2287 224 2322 diunt.
247 2288 291 2322 Et
317 2290 373 2323 est
407 2287 503 2323 ratio
539 2299 561 2324 a
591 2288 725 2334 maj0ri
754 2299 762 2323 z
790 2289 877 2335 quia

101 2333 247 2380 parvuli
274 2345 350 2370 non
371 2338 661 2371 contemnuntur
681 2346 703 2371 a
723 2336 875 2382 maJori-

101 2381 339 2425 bus,scilicet
360 2382 436 2417 Deo
457 2383 568 2418 Patre
586 2382 728 2418 ccelesti
749 2386 785 2418 et
805 2385 875 2418 An-

100 2427 195 2481 gelis
223 2428 366 2472 heatis;
407 2439 497 2475 ergo
518 2440 586 2465 nec
610 2440 632 2466 a
652 2429 874 2471 minoribus,

103 2475 244 2511 scilicet
282 2474 500 2512 hominibus
533 2476 696 2521 miseris,
737 2478 876 2513 debent

101 2521 304 2559 contemni.
324 2524 376 2558 Ac
398 2522 428 2558 si
449 2523 550 2559 dicat
572 2534 579 2559 :
604 2525 679 2560 Vos
699 2523 783 2560 illos
801 2535 876 2560 non

102 2568 248 2605 debetis
283 2572 539 2612 contemnere,
574 2571 641 2607 sed
672 2571 874 2615 honorare,

103 2626 199 2662 quos
221 2617 320 2652 Deus
353 2617 464 2652 Pater
491 2617 653 2653 coelestis
674 2619 725 2653 sic
755 2619 874 2654 hono—

101 2666 162 2699 rat
181 2666 219 2699 et
256 2662 462 2709 dignificat,
494 2665 593 2710 quod
626 2665 673 2700 ad
708 2665 875 2710 ipsorum

103 2709 355 2746 ministerium
394 2714 431 2747 et
471 2711 682 2748 custodiam
716 2712 876 2758 Angelos

103 2757 236 2794 beatos
256 2758 430 2804 deputet3
454 2769 527 2794 non
559 2762 614 2794 est
636 2759 735 2795 enim
764 2770 875 2805 sper-

105 2804 330 2843 nendumab
346 2805 512 2851 homine,
528 2806 627 2855 quod
642 2807 739 2853 apud
760 2808 873 2845 Deum

931 261 1047 296 tantae
1074 261 1129 295 est
1154 268 1279 301 curae3
1302 256 1332 294 si
1368 266 1456 303 ergo
1493 251 1712 292 contemni-

932 307 993 352 tis,
1019 306 1149 352 Angeli
1174 306 1399 342 nuntiabunt
1419 309 1455 340 et
1476 304 1586 339 Pater
1607 313 1713 339 meus

933 354 1135 390 ulciscetur
1143 353 1188 390 de
1201 352 1430 390 vohis.Unde
1444 353 1684 394 Hieronymus
1702 361 1710 384 :

936 415 955 436 «
1001 403 1138 447 Magna
1182 400 1344 447 dignitas
1398 398 1628 441 animarum,
1672 401 1712 433 ut

934 459 1171 495 unaquaeque
1192 449 1331 484 habeat
1345 447 1391 483 ab
1419 449 1503 482 ortu
1528 444 1709 481 nativita-

935 496 982 532 tis
998 495 1038 532 in
1057 495 1265 532 custodiam
1287 494 1345 530 sui
1366 493 1549 539 Angelum
1565 492 1715 537 delega-

933 543 1037 580 tum!
1063 556 1079 575 »
1101 542 1160 579 Sic
1194 542 1320 588 itaque
1340 540 1471 587 Angeli
1511 539 1716 576 existentes

936 590 1035 627 circa
1057 589 1309 625 ministerium
1328 593 1515 628 nostrum,
1540 586 1630 632 quia
1661 585 1713 621 ibi

937 640 1025 673 sunt
1044 637 1107 673 ubi
1134 640 1352 683 operantur,
1381 634 1509 670 vident
1532 635 1648 670 Deum
1676 633 1716 668 in

937 685 1029 721 coelo
1050 683 1144 719 facie
1168 684 1214 719 ad
1242 682 1401 726 saciem;
1425 681 1596 727 quamvis
1617 679 1717 716 enim

938 732 1149 775 mittantur,
1194 734 1359 766 attamen
1393 728 1521 765 vident
1551 729 1718 772 Patrem,

939 779 1026 825 quia
1049 788 1197 824 semper
1222 779 1297 814 Deo
1318 777 1505 813 inhaercnt
1524 786 1592 821 per
1612 785 1718 820 aper-

938 830 1015 862 tam
1035 825 1231 869 visionem,
1255 830 1292 861 et
1327 823 1415 870 quia
1449 822 1590 868 ubique
1617 823 1716 858 Deus

940 884 1105 919 praesens
1138 876 1207 916 est,
1236 872 1320 908 ideo
1353 875 1388 908 et
1423 871 1462 906 in
1495 874 1598 906 terra
1632 879 1719 905 eum

941 924 1113 957 cernunt.
1140 919 1241 956 Missi
1275 930 1363 965 ergo
1398 921 1486 954 ante
1517 916 1719 953 Dominum

941 974 1044 1012 sunt,
1068 967 1155 1014 quia
1175 977 1413 1014 quocumque
1434 964 1602 1008 veniunt,
1623 963 1722 999 intra

940 1015 1076 1060 ipsum,
1099 1014 1161 1060 qui
1201 1014 1342 1059 ubique
1363 1016 1432 1057 est,
1473 1013 1652 1055 currunt3
1686 1014 1723 1046 et

942 1073 1025 1098 cum
1046 1062 1093 1098 ad
1115 1073 1181 1097 nos
1201 1061 1369 1106 veniunt,
1391 1060 1443 1095 sic
1462 1058 1626 1095 exterius
1643 1058 1721 1094 im—

940 1109 1047 1156 plent
1086 1108 1350 1152 ministerium,
1384 1111 1424 1144 ut
1461 1110 1585 1143 tamen
1619 1116 1724 1141 num-

944 1166 1057 1201 quam
1074 1155 1231 1192 interius
1251 1155 1375 1191 desint
1395 1165 1463 1200 per
1490 1152 1721 1199 contempla-

941 1203 1112 1247 tionem3
1135 1203 1221 1239 licet
1240 1203 1340 1239 enim
1368 1202 1564 1237 mittantur
1584 1200 1621 1236 in
1644 1199 1722 1235 mi-

943 1250 1143 1286 nisterium
1172 1260 1240 1296 pro
1270 1250 1390 1285 salute
1424 1247 1635 1291 hominum,
1665 1250 1721 1282 ta—

945 1308 1030 1333 men
1049 1308 1124 1333 non
1153 1297 1335 1333 recedunt
1364 1307 1386 1332 a
1406 1293 1724 1341 contemplatione

945 1344 1086 1388 divina,
1108 1344 1173 1380 sed
1191 1345 1344 1380 adstant
1366 1346 1442 1379 Deo
1467 1353 1534 1388 per
1556 1344 1725 1377 contem-

946 1391 1150 1438 plationem
1189 1392 1319 1437 Jugem
1357 1397 1393 1427 et
1423 1389 1656 1426 continuam.
1681 1389 1725 1424 Et

947 1440 1040 1475 bene
1068 1438 1185 1475 dixit:
1207 1440 1276 1483 Qui
1291 1441 1342 1474 est
1363 1441 1402 1474 in
1423 1438 1533 1481 coelis,
1563 1435 1651 1482 quia
1672 1435 1724 1471 li-

948 1490 1006 1522 cet
1032 1488 1129 1522 Dcus
1153 1485 1200 1522 sit
1227 1485 1365 1531 ubique
1396 1495 1464 1530 per
1500 1483 1722 1527 essentiam,

947 1533 1189 1580 praesontiam
1206 1537 1241 1569 et
1260 1532 1620 1579 potentiam,tamen
1643 1541 1726 1576 spe-

948 1580 1091 1616 cialiter
1129 1580 1265 1617 dicitur
1306 1590 1387 1616 esse
1430 1578 1469 1615 iu
1504 1578 1622 1622 coelis,
1661 1576 1725 1613 ubi

948 1629 1053 1664 adest
1075 1627 1199 1664 Beatis
1221 1638 1287 1674 per
1316 1630 1486 1672 apertam
1524 1625 1723 1661 visionem.

948 1677 1026 1712 Non
1049 1686 1137 1721 ergo
1166 1676 1304 1711 debent
1324 1673 1530 1716 contemni,
1552 1673 1618 1709 sed
1646 1673 1722 1708 ho-

949 1722 1091 1766 norari,
1120 1733 1213 1768 qnos
1237 1723 1335 1758 Deus
1362 1721 1414 1758 sic
1442 1720 1617 1764 honorat,
1639 1718 1726 1765 quia

948 1773 1183 1815 contemptus
1200 1769 1358 1805 istorum
1373 1767 1542 1805 ascendit
1565 1767 1613 1803 ad
1634 1777 1724 1802 con-

950 1820 1129 1862 temptum
1141 1817 1219 1858 Dei,
1233 1817 1338 1863 cujus
1353 1815 1558 1862 imaginem
1568 1815 1722 1850 habent.

949 1866 989 1900 ln
1020 1864 1074 1900 eis
1108 1874 1256 1910 quoque
1286 1862 1526 1909 contemptis,
1554 1864 1726 1897 contem-

948 1911 1235 1957 nunturAngeli
1262 1921 1391 1946 corum
1417 1909 1578 1946 ministri
1609 1911 1646 1945 et
1667 1919 1728 1944 cu—

949 1958 1089 1994 stodes.
1129 1979 1164 1984 *-
1197 1958 1337 1994 Deinde
1369 1957 1608 2003 subjungitur
1653 1955 1728 1992 alia

949 2005 1059 2049 ratio,
1075 2009 1222 2051 sumpta
1240 2016 1281 2040 ex
1296 2004 1554 2050 redemptione
1572 2003 1724 2040 Christi.

950 2052 1052 2088 Unde
1075 2053 1346 2095 chrysostomus
1370 2065 1379 2087 :
1411 2066 1425 2082 α
1453 2052 1504 2087 Ne
1531 2051 1635 2086 dicas
1662 2050 1726 2085 ille

950 2101 1054 2136 saber
1066 2103 1134 2143 est,
1153 2100 1214 2135 ille
1234 2102 1368 2142 sartor,
1384 2098 1445 2134 ille
1470 2097 1656 2143 agricola;
1679 2097 1725 2133 ab

949 2146 1102 2193 Angelis
1121 2146 1184 2192 qui
1201 2147 1254 2182 eis
1273 2145 1375 2181 missi
1389 2149 1475 2181 sunt
1489 2144 1726 2180 venerabiles

950 2198 1052 2239 sunt,
1075 2194 1140 2230 sed
1176 2197 1316 2239 quanto
1350 2193 1470 2238 magis
1509 2203 1552 2228 ex
1578 2191 1725 2228 ratione

949 2240 1218 2287 redemptionis
1239 2240 1464 2276 Dominicae!
1496 2254 1514 2272 »
1539 2239 1724 2284 Secundo,

951 2299 1039 2333 ergo
1061 2287 1187 2334 pusilli
1218 2298 1293 2323 non
1326 2291 1411 2323 sunt
1443 2285 1725 2332 contemnendi,

950 2337 1015 2372 sed
1033 2335 1259 2379 honorandi,
1273 2345 1366 2380 quos
1390 2334 1443 2370 sic
1464 2335 1561 2370 Deus
1582 2333 1726 2378 dilexit,

950 2383 1049 2429 quod
1070 2393 1138 2429 pro
1175 2381 1242 2426 eis,
1269 2381 1393 2428 quiin
1427 2382 1544 2418 Adam
1581 2391 1727 2416 ommes

948 2432 1194 2477 peccaverant
1233 2431 1269 2464 et
1296 2429 1487 2475 perierant
1519 2427 1726 2473 salvandis,

950 2477 1050 2514 misit
1071 2477 1204 2513 Filium
1226 2486 1335 2512 snum
1369 2475 1406 2512 in
1440 2474 1726 2512 similitudinem

949 2524 1072 2561 carnis
1093 2524 1247 2570 peccati.
1264 2524 1368 2559 Unde
1388 2523 1464 2559 ait:
1492 2524 1599 2559 Venit
1617 2524 1726 2567 enim,

948 2576 983 2608 et
1003 2572 1050 2608 de
1068 2572 1161 2607 coelo
1183 2570 1377 2607 descendit
1409 2571 1524 2606 Filius
1555 2571 1725 2613 hominis,

950 2619 1120 2655 Salvator
1132 2617 1339 2661 hominum,
1362 2619 1508 2652 salvare
1525 2617 1622 2662 quod
1639 2627 1726 2663 per-

948 2668 1055 2710 ierat,
1084 2665 1224 2702 scilicet
1244 2675 1362 2710 genus
1390 2665 1613 2708 humanum,
1645 2674 1722 2699 non

946 2716 1095 2750 tantum
1117 2722 1287 2758 magnos,
1310 2712 1377 2748 sed
1403 2711 1517 2748 etiam
1548 2710 1720 2757 pusillos.

947 2761 998 2796 Ac
1036 2760 1066 2796 si
1094 2761 1193 2796 dicat
1227 2771 1234 2796 τ
1273 2760 1346 2794 Vos
1367 2770 1441 2794 non
1463 2757 1609 2794 debetis
1637 2768 1724 2792 ron-

946 2810 1114 2846 temnere
1162 2811 1198 2843 et
1247 2806 1501 2853 perturbando
1549 2804 1722 2851 perdere.
