1907 3139
349 159 398 192 ΠΕ
436 159 681 193 EFFUSIONE
723 161 941 197 UNtlUEN'l'I
981 160 1128 197 SUPER
1160 164 1299 199 CAPUT
1336 169 1459 205 ‚1leth

1671 175 1722 207 161

94 233 203 268 nardi
229 233 357 277 pistici
385 233 551 277 pretiosi,
580 230 615 267 id
649 235 704 268 est
742 244 870 270 vascu-
906 237 909 286 g
944 236 1045 272 etad
1062 236 1181 273 multa
1195 238 1446 277 medicinalia.
1465 244 1513 278 Ex
1532 256 1604 291 quo
1626 250 1726 291 patet

95 280 168 315 lum
183 278 467 324 alabastrinum,
484 278 626 315 scilicet
645 280 806 326 pixidem
826 282 871 318 dc

94 327 296 370 alabastro,
321 326 419 372 quod
447 330 503 363 est
528 337 646 372 genus
675 329 873 365 marmoris

95 372 256 416 candidi,
284 376 320 408 et
341 372 454 409 variis
477 373 665 410 coloribus
692 374 873 412 interlin—

94 420 156 464 cti,
174 420 213 456 in
228 431 300 465 quo
319 420 415 456 bene
434 424 470 456 et
484 420 703 467 incorrupte
723 433 875 459 servan-

93 471 153 504 tur
173 471 382 513 unguenta,
406 468 556 514 plenam
578 473 769 516 unguento
794 481 875 517 pre-

92 515 207 557 tioso;
227 518 276 559 et,
296 516 416 559 fracto
436 516 636 561 alabastro,
654 517 785 562 effudit
802 529 873 554 un-

91 565 270 607 guentum
284 573 393 609 super
407 567 516 609 caput
530 565 649 610 ipsius
665 566 874 601 recumben-

92 612 155 654 tis,
180 610 215 645 id
238 614 293 646 est
314 611 361 646 ad
384 621 551 646 mensam
574 611 755 657 sedentis,
780 613 876 649 sicut
909 615 911 627 ¹

92 657 299 693 effunditur
313 668 411 704 aqua
427 669 581 695 rosacea
598 663 752 706 propter
770 660 875 696 refri-

92 704 239 750 gerium
254 709 289 741 et
302 705 477 749 odorem;
494 710 526 742 et
539 706 652 742 etiam
669 710 779 743 unoeit
790 708 875 744 inde

89 753 200 798 pedes
231 755 348 796 Jesus,
384 754 482 798 apud
517 764 612 799 quos
640 754 753 790 etiam
781 755 874 791 alias

93 803 236 836 tantam
267 800 428 846 gratiam
460 802 668 845 invenerat,
702 807 735 837 et

93 847 172 891 ejus
191 850 342 882 eoetersit
359 849 506 894 capillis
528 850 618 883 suis.
642 849 781 885 Ordine
802 850 875 886 alio

94 894 231 931 sactum
262 894 330 930 fuit
358 905 471 941 quam
494 896 553 931 hic
578 895 761 942 scriptum
784 901 839 933 est
865 909 873 932 :

94 941 182 987 quia
203 941 324 987 primo
343 942 434 978 lavit
455 943 571 988 pedes
591 945 628 978 et
649 944 817 989 extersit,
840 948 877 980 et

94 993 224 1035 postea
245 989 360 1025 unxit.
377 992 424 1025 Et
444 991 571 1025 domus
591 992 742 1036 impleta
763 996 814 1028 est
832 1004 877 1028 em

96 1094 134 1119 re
155 1083 362 1120 aromatica
380 1088 475 1127 erat,
498 1085 609 1131 longe
625 1085 773 1132 lateque
795 1093 877 1133 pot-

94 1134 174 1166 erat
195 1131 288 1167 odor
304 1132 384 1177 ejus
406 1131 580 1168 diffundi.
604 1134 684 1168 Non
708 1138 764 1169 est
785 1135 878 1170 veri-

95 1177 216 1214 simile
238 1180 338 1225 quod
354 1183 450 1215 esset
463 1179 604 1226 aliquid
620 1191 793 1226 grossum
813 1183 880 1217 sic-

97 1228 136 1260 ut
159 1229 351 1271 unguenta
375 1228 627 1263 communiter
653 1227 768 1272 dicta,
791 1228 880 1274 quia

97 1271 275 1309 indecens
293 1276 393 1309 esset
409 1274 482 1310 tale
501 1273 589 1320 quid
605 1285 746 1321 ponere
766 1286 879 1322 super
913 1292 915 1311 ι

96 1323 207 1365 caput
234 1320 400 1356 hominis
427 1321 594 1357 sedentis
618 1322 655 1358 in
677 1333 820 1362 mensa.
843 1327 879 1359 et

98 1366 180 1403 ideo
203 1367 405 1403 dicendum
427 1369 527 1413 quod
551 1368 611 1404 hic
633 1376 788 1406 vocatur
808 1382 879 1406 un-

97 1418 278 1461 guentum
300 1414 424 1459 liquor
450 1414 636 1460 pretiosus
657 1417 703 1450 de
726 1428 767 1453 re
794 1428 879 1453 aro-

98 1462 234 1497 matica
255 1471 466 1507 expressus,
495 1460 591 1496 sicut
608 1471 706 1507 aqna
726 1473 881 1500 rosacea

98 1508 318 1554 exprimitur
352 1508 397 1544 de
436 1510 546 1544 rosis.
587 1508 710 1554 Aliqui
753 1509 882 1545 dicunt

97 1556 197 1601 quod
225 1555 294 1591 suit
317 1555 484 1602 lacryma
510 1556 630 1592 fluens
657 1556 883 1593 naturaliter

97 1603 144 1639 de
161 1604 295 1639 arbore
311 1602 534 1647 aromatica,
551 1614 634 1649 quae
653 1607 710 1639 est
723 1606 881 1640 multum

96 1650 277 1696 pretiosa,
298 1653 335 1686 et
352 1650 453 1686 ‘valet
473 1650 519 1686 ad
541 1651 659 1686 multa
679 1651 882 1688 medicina-

98 1697 158 1734 lia.
183 1697 318 1734 Dicunt
338 1699 452 1733 etiam
470 1697 603 1743 aliqui,
623 1699 723 1744 quod
740 1699 881 1735 nardus

98 1748 155 1781 est
175 1745 294 1781 herba
314 1744 436 1790 nigra,
458 1744 602 1780 faciens
623 1745 745 1791 spicas
765 1745 803 1781 in
825 1757 881 1782 ca-

98 1793 259 1835 cumine,
282 1795 319 1828 et
338 1796 493 1838 propter
512 1792 598 1836 hoc,
625 1792 687 1828 ubi
712 1794 881 1829 Joannes

98 1839 188 1875 dicit
209 1840 367 1874 nardum
389 1841 576 1885 pisticum,
600 1840 746 1875 Marcus
768 1840 882 1876 habet

97 1887 254 1922 nardum
274 1888 469 1932 spicatum,
492 1886 580 1932 quia
606 1887 652 1922 de
676 1886 750 1922 illis
771 1887 881 1933 spicis

98 1933 305 1969 extrahitur
324 1933 446 1979 liquor
464 1933 667 1980 praedictus
684 1944 752 1980 per
766 1934 882 1970 artifi-

97 1980 211 2024 cium,
238 1981 310 2025 vel,
339 1983 544 2017 secundum
572 1980 681 2025 alios,
707 1981 790 2017 fluit
816 1992 883 2028 per

98 2032 285 2064 naturam.
315 2028 386 2064 Alii
414 2039 501 2064 vero
530 2028 675 2068 dicunt,
704 2029 803 2074 quod
827 2032 882 2065 est

98 2076 219 2112 frutex
241 2076 353 2111 arbor
372 2075 542 2122 parvula,
559 2079 595 2112 et
616 2075 703 2112 inde
725 2076 807 2112 ssuit
824 2076 880 2112 vel

98 2122 305 2159 extrahitur
324 2122 446 2168 liquor
466 2124 577 2159 modo
597 2124 791 2169 praedicto.
816 2123 884 2159 Pi—

98 2170 194 2214 stici,
220 2172 426 2207 secundum
449 2172 648 2216 quosdam,
674 2182 812 2206 nomen
827 2174 885 2207 est

99 2217 169 2254 loci
188 2217 250 2254 uhi
266 2217 398 2254 crescit
414 2218 528 2254 arbor
542 2218 644 2254 unde
658 2218 743 2254 talis
759 2218 885 2264 liquor

99 2264 337 2312 exprimitur3
361 2265 427 2301 sed
455 2265 589 2301 melius
611 2265 749 2302 dicitur
768 2265 883 2312 pisti-

98 2318 144 2363 ci,
167 2318 205 2355 id
226 2322 282 2355 est
303 2319 449 2365 fidelis3
474 2318 591 2357 πίστις
611 2317 711 2355 enim
740 2319 882 2359 Graece,

99 2366 192 2402 fides
211 2369 267 2402 est
287 2366 431 2410 Latine,
448 2367 519 2402 hoc
539 2369 597 2402 est
614 2366 769 2407 dictum,
785 2365 885 2411 quod

100 2413 170 2450 iste
198 2413 323 2460 liquor
350 2417 430 2450 erat
451 2424 569 2460 purus
598 2416 635 2449 et
662 2424 787 2457 verus,
810 2424 885 2448 non

99 2461 244 2496 habens
273 2460 416 2507 aliquid
439 2461 542 2497 allud
568 2460 792 2503 admixtum,
818 2470 885 2495 nec

100 2507 386 2553 sopl1isticatus3
419 2507 590 2554 pretiosi,
617 2507 704 2554 quia
738 2507 885 2543 valebat

103 2557 289 2590 trecentos
326 2555 517 2597 denarios,
553 2554 590 2590 id
620 2558 677 2590 est
711 2564 885 2590 nummos

103 2601 266 2643 usuales,
288 2605 368 2638 erat
390 2602 489 2638 enim
506 2601 569 2637 ille
590 2601 714 2648 liquor
734 2601 887 2646 refrige-

100 2648 243 2684 rativus
265 2652 301 2684 et
321 2649 592 2686 confortativus
613 2650 884 2693 membrorum,

764 803 875 848 pedes
911 802 912 814 ¹

102 2699 138 2732 et
159 2695 464 2740 consolidativuS‚
484 2700 520 2733 et
535 2696 644 2732 valde
661 2695 884 2739 odoriferus,
922 2710 923 2713 ¹

101 2743 230 2779 valens
251 2743 298 2779 ad
318 2743 582 2780 allevationem
601 2743 740 2780 laboris
756 2746 887 2779 contra

922 2754 924 2779 l

944 283 1159 330 pretiositas
1196 287 1391 331 unguenti,
1413 299 1525 335 super
1554 293 1669 337 pedes
1692 298 1729 329 ct

944 336 1054 376 caput
1072 333 1161 367 Jcsu
1181 332 1302 371 effusi,
1321 338 1357 370 et
1380 335 1529 372 devotio
1549 349 1591 374 as:
1606 339 1728 385 pietas

944 380 1070 415 Mariae
1088 409 1096 423 ‚
1132 390 1213 425 quse
1248 380 1367 417 labori
1403 382 1540 419 Christi
1577 397 1727 433 compa-

944 425 1057 470 tiens,
1074 430 1110 462 et
1130 428 1246 473 pedes
1266 433 1302 464 et
1320 433 1428 475 caput
1452 430 1532 476 ejus
1555 433 1676 476 unxit;
1695 437 1733 470 et

945 484 1024 509 rem
1036 478 1113 510 tam
1134 474 1339 520 pretiosam
1354 476 1393 512 in
1409 477 1634 524 obsequium
1647 482 1729 526 eJ'us

946 521 1134 567 expendit.
1164 523 1204 557 In
1243 533 1316 568 quo
1362 527 1399 560 et
1434 535 1504 560 nos
1535 525 1732 566 docemur.

947 569 1046 614 quod
1061 579 1119 614 ea,
1148 579 1231 614 quae
1249 570 1527 616 pretiosissima
1547 576 1732 621 suntaptul

947 626 1030 656 nos,
1053 617 1130 652 Deo
1152 617 1290 653 offerre
1312 617 1510 655 debemus.

995 670 1015 711 4
1043 669 1305 705 DISCREPANTIA
1338 681 1444 706 wrm
1468 683 1561 707 HANG
1588 685 1733 709 UNCTw-

910 751 912 759 Ι
947 726 1018 750 ΝΕΜ
1036 727 1077 751 ET
1096 728 1229 752 PRIMAM
1248 729 1283 752 IN
1302 729 1373 758 QUA
1391 730 1500 753 I’EDES
1523 721 1654 757 DOMINI
1674 734 1735 758 UN-

947 774 1017 797 xir.
1054 783 1099 789 ——
1126 764 1169 798 Et
1195 765 1295 810 quod
1323 764 1398 801 alia
1424 765 1519 810 vice,
1547 768 1735 813 peccatrix

948 809 1070 845 adhuc
1093 809 1267 853 existens,
1291 811 1379 848 fecit
1399 812 1438 848 in
1460 814 1592 850 eadem
1620 815 1732 852 domo

947 867 991 892 ex
1018 857 1261 902 contritione,
1291 858 1432 896 scilicet
1457 862 1609 906 quando
1637 874 1734 899 con—

947 914 1058 940 versa
1076 908 1146 949 est,
1166 910 1203 941 et
1219 910 1375 952 peccata
1390 907 1424 943 ei
1442 909 1561 945 multa
1579 909 1735 947 dimissa

949 954 1047 989 sunt.
1072 962 1116 988 eo
1143 953 1243 998 quod
1271 954 1429 991 multum
1457 955 1605 1001 dilexit;
1634 969 1736 994 nuuc

912 1033 914 1045 ,
946 999 1154 1045 justificata
1183 1004 1219 1036 et
1240 1001 1438 1038 familiaris
1462 1003 1621 1040 Domino
1644 1006 1734 1042 effe-

93 1036 200 1072 odore
226 1039 403 1081 unquenti
426 1038 534 1073 effusi
560 1049 567 1073 :
592 1038 681 1084 quia
704 1040 803 1075 enim
831 1040 877 1075 de
912 1047 914 1085 ξ
950 1050 1023 1090 cta,
1046 1047 1134 1082 facit
1154 1058 1197 1083 ex
1217 1048 1438 1094 devotione3
1458 1051 1523 1086 sed
1545 1055 1633 1087 tunc
1655 1056 1736 1089 tan-

950 1096 1029 1129 tum
1049 1094 1165 1140 pedes
1184 1094 1302 1140 unxit,
1324 1099 1361 1132 et
1382 1097 1570 1142 gradatim
1594 1110 1615 1135 a
1634 1099 1738 1146 pedi-

952 1141 1022 1177 hus
1044 1141 1091 1177 ad
1117 1141 1296 1178 verticem
1319 1144 1559 1189 perveniens,
1582 1157 1682 1183 nunc
1701 1151 1740 1183 et

952 1193 1063 1234 caput
1088 1192 1125 1224 et
1148 1189 1263 1235 pedes
1290 1201 1431 1236 ungere
1459 1192 1616 1237 meruit;
1650 1197 1739 1230 tunc

951 1235 1059 1271 unxit
1092 1236 1292 1273 Dominum
1320 1243 1515 1284 unguento
1550 1241 1738 1286 poeniten-

951 1282 1028 1325 tiae,
1067 1293 1167 1319 nunc
1198 1289 1393 1330 unguento
1426 1286 1651 1325 devotionis.
1684 1289 1739 1325 Ibi

952 1329 1168 1366 rudimenta
1198 1332 1477 1379 poenitentium,
1506 1334 1566 1370 hic
1589 1335 1740 1381 justitia

951 1377 1203 1423 perfectarum
1241 1379 1462 1424 designatur
1502 1381 1736 1428 animarum;

953 1423 1135 1470 diligebat
1161 1424 1264 1460 enim
1291 1427 1420 1462 ²lesum
1448 1438 1562 1474 super
1594 1430 1736 1474 omnia,

953 1474 990 1506 et
1010 1472 1056 1506 de
1081 1472 1326 1516 obsequendo
1348 1473 1471 1510 eidem
1492 1486 1568 1511 non
1589 1480 1740 1522 poterat

954 1517 1098 1552 satiari.
1126 1519 1349 1564 Fragrantia
1370 1521 1457 1556 fidei
1481 1527 1592 1568 caput
1612 1524 1739 1560 Domi-

953 1563 991 1598 ni
1018 1567 1055 1599 et
1086 1564 1216 1610 pedes,
1247 1565 1355 1611 quasi
1383 1567 1499 1604 odore
1525 1575 1739 1608 aromatum

952 1610 1161 1657 perfundit,
1190 1612 1252 1658 qui
1278 1613 1515 1651 divinitatem
1543 1620 1580 1652 et
1606 1618 1740 1655 huma-

954 1657 1110 1694 nitatem
1126 1659 1206 1705 ejus
1219 1659 1335 1705 digna
1347 1661 1457 1698 laude
1469 1663 1626 1709 attollit3
1643 1676 1742 1702 nunc

953 1705 999 1741 de
1020 1705 1180 1752 pedibus
1198 1707 1246 1742 ad
1264 1712 1378 1754 caput
1397 1711 1619 1756 ascendens,
1640 1724 1742 1749 nunc

953 1752 1001 1788 ad
1026 1752 1139 1797 pedes
1165 1764 1187 1789 a
1213 1754 1335 1800 capite
1357 1767 1423 1801 per
1444 1757 1558 1794 fidem
1580 1759 1741 1796 descen-

954 1799 1060 1835 dens.
1079 1801 1294 1837 Secundum
1312 1802 1413 1839 enim
1440 1805 1599 1841 Paulum
1620 1809 1744 1853 Apos-

954 1846 1088 1891 tolum,
1109 1851 1220 1893 caput
1240 1849 1377 1885 Christi
1402 1854 1459 1886 est
1480 1853 1594 1895 Deus5
1616 1855 1744 1901 itaque

955 1898 1068 1939 caput
1088 1894 1224 1930 Christi
1258 1896 1379 1942 ungit,
1402 1897 1467 1943 qui
1490 1901 1536 1934 ad
1557 1900 1744 1938 honorem

955 1940 1021 1976 Dei
1041 1941 1171 1977 omnia
1190 1953 1308 1988 opera
1327 1955 1393 1980 sua
1413 1944 1635 1991 facit,jUxta
1650 1948 1745 1985 illud

955 1988 1124 2033 ejusdem
1144 1990 1312 2033 Apostoli
1336 2002 1344 2026 :
1367 1992 1497 2028 Omnia
1518 1995 1557 2029 in
1584 1996 1743 2039 qloriam

956 2037 1022 2070 Dei
1037 2037 1151 2079 facite
1171 2049 1181 2079 ς
1205 2036 1267 2082 qui
1300 2049 1389 2074 vero
1424 2039 1584 2086 vestigia
1608 2043 1744 2080 Christi

956 2081 1266 2135 sequitur‚pedes
1279 2085 1359 2131 ejus
1380 2086 1745 2137 ungitzitem,caput

956 2130 1092 2166 Christ]
1107 2140 1168 2176 qui
1186 2130 1307 2177 ipsum
1321 2134 1511 2170 Christum
1527 2142 1742 2183 veneratur3

956 2176 1072 2229 pedes
1096 2188 1200 2222 vero,
1227 2179 1289 2225 qui
1315 2180 1396 2226 ejus
1428 2182 1605 2219 fidelihus
1632 2186 1742 2221 obse-

957 2228 1096 2270 qultur.
1126 2225 1193 2261 Ubi
1217 2230 1448 2270 Auqustimcs
1471 2240 1479 2265 :
1504 2243 1521 2263 «
1548 2231 1743 2274 Quaecum-

958 2282 1030 2316 que
1049 2271 1176 2308 anima
1195 2273 1316 2309 fidelis
1331 2274 1385 2311 vis
1406 2286 1502 2320 esse,
1523 2288 1607 2314 cum
1626 2280 1746 2316 Maria

957 2329 1058 2364 unge
1085 2319 1200 2365 pedes
1232 2321 1380 2357 Domini
1413 2323 1580 2369 pretioso
1614 2337 1745 2372 ungu-

958 2369 1059 2401 ento.
1096 2367 1336 2412 Unguentum
1362 2368 1454 2406 illud
1483 2371 1630 2417 justitia
1662 2373 1746 2415 suit,

957 2412 1042 2448 ideo
1063 2412 1184 2450 libera
1204 2415 1286 2451 suit.
1320 2417 1423 2462 Unge
1442 2418 1557 2463 pedes
1578 2420 1674 2456 bene
1694 2421 1748 2456 vi-

957 2460 1093 2504 vendo,
1105 2466 1141 2496 et
1153 2462 1354 2499 Dominica
1372 2465 1554 2501 sectando
1571 2467 1749 2514 vestigia;

957 2507 1102 2554 capillis
1123 2511 1246 2555 terge,
1268 2508 1299 2545 si
1332 2510 1451 2546 habes
1473 2515 1679 2558 superflua,
1703 2516 1751 2552 da

956 2555 1201 2600 pauperibus,
1228 2559 1265 2592 et
1289 2557 1402 2602 pedes
1419 2559 1571 2595 Domini
1593 2562 1748 2598 tersisti.

957 2601 1088 2647 Capilli
1110 2605 1212 2638 enim
1232 2605 1424 2650 superflua
1440 2607 1611 2653 corporis
1625 2608 1750 2645 viden-

956 2651 1030 2684 tur.
1055 2650 1195 2686 Domus
1220 2654 1348 2687 aut‹·m
1367 2651 1519 2697 impleta
1544 2658 1599 2690 est
1617 2656 1747 2697 odore,

959 2695 1278 2734 scilicetmundus
1297 2696 1471 2743 impletus
1495 2705 1552 2736 est
1573 2702 1673 2738 bona
1696 2703 1748 2739 sa-

957 2753 1032 2780 ma.
1056 2745 1149 2780 Nam
1168 2745 1262 2781 odor
1282 2746 1416 2791 bonus,
1434 2747 1534 2783 bona
1554 2749 1654 2784 fama
1673 2754 1743 2786 est.

103 2794 237 2827 aestum
264 2790 367 2835 solis,
394 2794 431 2827 et
460 2789 743 2837 distemperiem
771 2789 884 2834 aeris,
922 2783 924 2821 l
957 2790 1025 2834 Qui
1047 2791 1146 2828 male
1167 2791 1299 2829 vivunt
1316 2796 1352 2829 et
1375 2793 1580 2830 Chrtstiani
1607 2806 1744 2833 vocan-

185 2853 274 2885 Vm
291 2854 377 2886 Jnsu
392 2854 548 2892 Cum-sm,
564 2863 677 2887 TOMUS
693 2854 759 2886 IlI.

1583 2864 1615 2892 11
