1907 3139
577 174 630 207 DE
671 172 973 207 PERFECTIONE
1011 172 1330 207 PAUPERTATIS.
1731 168 1770 202 73

141 246 253 292 plices
275 250 313 282 et
331 244 507 288 humileS,
544 254 659 290 puros
696 246 732 279 et
757 243 916 279 devotos

139 293 272 340 diligit,
291 297 324 329 et
338 295 523 338 imponens
541 302 670 326 manus
690 302 799 337 super
817 292 914 334 illos,

138 345 178 377 ut
203 342 292 376 viris
331 339 612 375 continentibus
649 339 811 384 gratiam
857 338 915 373 sui

136 387 262 424 auxilii
283 387 554 423 conserendam
574 386 827 431 significaret3
853 386 913 420 be-

134 436 323 471 nedicebat
343 445 414 479 eos,
445 433 573 480 aliqua
601 434 720 469 vocali
756 432 914 469 henedi-

133 482 271 527 ctione,
293 493 375 529 quae
386 481 526 527 scripta
543 492 619 517 non
641 484 711 525 est,
732 484 771 516 ut
791 480 912 517 humi-

132 529 186 566 les
203 531 260 566 sui
284 529 546 566 benedictione
567 528 704 574 dignos
731 528 911 565 ostende-

131 580 200 613 ret.
225 577 284 614 Sic
302 576 548 623 spiritualiter
566 575 735 622 quotidie
762 575 912 613 humili-

130 624 199 661 bus
213 636 348 661 manus
374 624 546 669 imponit,
572 634 655 659 cum
677 623 732 659 eis
747 624 910 670 gratiam

132 675 169 708 et
189 672 368 708 auxilium
381 670 514 707 tribuit
551 670 730 717 quoniam
751 671 913 708 humiles

129 718 265 765 spiritu
282 718 385 766 digni
401 723 490 755 sunt
508 719 590 764 ejus
608 719 730 765 gratia
747 723 784 755 et
801 720 914 755 bene-

131 766 297 803 dictione
316 782 323 804 :
343 770 437 802 Deus
455 766 554 801 enim
572 767 740 812 superbis
755 769 909 816 resistit,

129 815 332 850 humilibus
361 818 497 857 atatem,
520 813 582 859 qui
615 824 654 849 se
679 814 853 850 manibus
875 824 911 852 et

127 862 305 907 potestati
328 862 409 907 ejus
428 861 721 906 subjiciunt,dat
734 864 909 906 qratiam.

130 910 173 945 In
200 920 274 955 quo
289 909 490 944 humilium
506 908 668 953 dignitas
687 910 910 954 ostenditur,

130 956 194 1002 qui
214 958 320 992 tanta
348 957 446 991 bona
475 959 681 991 merentur.
719 956 823 992 Unde
854 957 910 993 di-

128 1004 179 1039 cit
205 1006 463 1048 Hieronymus,
490 1003 591 1048 quod
618 1003 808 1039 humilitas
833 1006 912 1041 sola

127 1051 362 1087 observatrix
390 1053 448 1086 est
479 1055 682 1096 custosque
715 1052 908 1097 virtutum,

126 1102 163 1134 et
182 1098 278 1134 nihil
300 1101 357 1134 est
381 1097 485 1143 quod
512 1098 562 1133 ita
585 1099 661 1133 Deo
680 1104 831 1144 gratum
853 1100 909 1135 sa-

126 1146 199 1182 ciat
230 1148 268 1182 et
300 1145 532 1185 hominibus,
563 1148 748 1190 quantum
770 1147 798 1181 si
822 1148 907 1183 vitae

125 1194 261 1229 merito
286 1192 429 1238 magni,
450 1191 516 1227 sed
546 1192 762 1229 humilitate
789 1193 910 1230 infimi

125 1240 338 1276 videamur.
363 1241 408 1275 Et
439 1240 535 1274 bene
556 1239 720 1275 humiles
742 1241 909 1286 parvulis

127 1290 165 1323 et
198 1286 469 1323 innocentibus
508 1287 765 1332 comparavit;
818 1288 910 1334 quia

126 1334 321 1371 humilitas
335 1334 504 1370 maculas
517 1337 755 1379 peccatorum
768 1335 906 1380 lavare,

125 1386 163 1418 et
197 1381 456 1418 innocentiam
498 1381 658 1417 reddere
697 1382 905 1420 consuevit.

122 1429 229 1466 Unde
248 1429 299 1465 ait
317 1428 529 1465 Bernardus
550 1439 558 1464 t
590 1442 608 1461 <c
629 1430 750 1465 Decor
770 1430 907 1466 animae

59 1473 62 1476 ’
120 1476 315 1512 humilitas
335 1480 404 1512 est.
429 1477 474 1511 Et
492 1486 566 1511 non
589 1486 612 1512 a
646 1487 705 1512 me
736 1478 815 1523 ipso
836 1478 907 1514 hoc

121 1523 219 1570 dico,
255 1534 339 1560 cum
376 1523 566 1569 Propheta
604 1523 709 1569 prior
745 1524 903 1562 dixerit:

982 245 1164 290 Asperqes
1181 254 1236 279 me
1247 245 1399 288 hyssopo
1412 246 1445 278 et
1463 243 1678 287 mundabor,
1699 242 1763 276 hu-

983 292 1061 328 mili
1081 292 1199 327 herba
1224 302 1267 327 ac
1290 291 1448 335 pectoris
1468 290 1666 336 purgativa
1689 290 1759 324 lni-

983 339 1182 375 militatem
1219 338 1451 384 significans.
1482 340 1556 373 llac
1596 349 1635 373 se
1676 340 1760 383 post

981 397 1135 433 gravem
1159 387 1308 431 lapsum
1334 396 1398 421 rex
1421 387 1613 431 Propheta
1647 384 1763 419 lavari

982 434 1160 478 contidit;
1185 437 1222 469 et
1248 434 1302 469 sic
1324 432 1470 468 invenit
1489 432 1696 478 quemdam
1714 431 1765 465 in-

980 483 1166 518 nocentiae
1183 484 1417 526 recuperatae
1430 480 1651 516 eandorem.
1672 492 1689 509 »

1030 546 1049 577 9
1068 531 1233 565 Domus
1255 539 1430 564 mnvums
1451 539 1571 563 MANUS
1589 536 1766 561 mpositxs

981 577 1286 614 CONFIRMATIONIS
1303 586 1560 611 sisinninm-mi
1575 583 1763 608 msrrrorr.

980 645 1026 650 —
1058 627 1102 661 Et
1123 624 1318 661 sciendum
1350 623 1451 669 quod
1484 621 1652 658 Christus
1687 630 1764 654 ma-

980 683 1051 708 nus
1079 671 1306 718 imponendo
1337 669 1502 717 parvulis
1530 667 1692 704 instituit
1729 669 1766 702 et

980 719 1141 756 initiavit
1182 721 1458 754 sacramentum
1498 715 1763 753 Confirmatio-

980 767 1052 811 nis,
1068 769 1174 812 cuius
1191 765 1446 802 ministerium
1458 769 1590 810 postea
1605 761 1764 798 contulit

978 814 1182 861 Apostolis.
1208 813 1312 849 Unde
1342 812 1486 858 parvuli
1511 811 1549 847 in
1573 809 1765 847 frontibus

979 861 1193 898 chrismate*
1208 860 1479 905 consignantur
1517 860 1564 895 ab
1602 857 1764 902 Episco-

979 909 1118 955 pis,qui
1140 910 1177 944 in
1190 908 1355 944 Ecclesia
1365 909 1430 944 Dei
1446 908 1573 943 locum
1588 905 1766 941 obtinent

977 957 1263 1003 Apostolorum;
1283 967 1348 1001 per
1364 955 1647 1002 impositionem
1662 951 1764 988 enim

979 1014 1160 1040 manuum
1187 1005 1466 1049 Apostolorum.
1497 1001 1765 1038 conferebatur

979 1052 1138 1097 Spiritus
1162 1052 1335 1093 Sanctus,
1351 1051 1398 1087 ad
1418 1051 1535 1086 robur
1556 1053 1593 1085 et
1623 1047 1761 1084 contir—

979 1101 1185 1135 mationem
1207 1099 1393 1141 fidelium,
1418 1098 1523 1143 cujus
1551 1094 1764 1141 impositio-

978 1147 1036 1182 nis
1063 1157 1244 1182 manuum
1288 1146 1412 1182 locum
1450 1143 1596 1181 obtinet
1630 1141 1765 1189 praedi-

978 1197 1078 1230 etum
1101 1195 1402 1230 Sacramentum.
1427 1192 1638 1228 Considera
1665 1199 1766 1225 nune

978 1244 1161 1287 quantum
1191 1240 1364 1277 Christus
1405 1238 1704 1285 simplicitatem,
1728 1239 1765 1272 et

977 1288 1244 1331 humilitatem,
1269 1298 1312 1323 ae
1334 1287 1597 1323 innocentiam
1618 1295 1766 1332 parvu-

978 1337 1100 1372 lorum
1118 1334 1239 1381 diligit
1261 1335 1398 1381 quibus
1425 1337 1533 1369 tanta
1559 1332 1763 1369 familiari-

978 1383 1067 1419 tatis
1088 1387 1123 1418 et
1150 1381 1427 1418 benevolentiae
1448 1382 1557 1427 signa
1583 1378 1763 1420 ostendit,

978 1434 1014 1466 et
1034 1430 1186 1466 studeas
1204 1440 1271 1476 pro
1294 1440 1400 1475 posse
1412 1429 1592 1475 parvulos
1609 1427 1763 1469 imitari,

979 1481 1015 1513 et
1034 1479 1193 1512 virtutes
1227 1487 1359 1512 eorum
1392 1477 1550 1519 habere,
1571 1480 1613 1511 ut
1642 1474 1765 1509 valeas

978 1536 1062 1562 cum
1078 1525 1168 1571 ipsis
1181 1534 1342 1571 regnum
1356 1524 1537 1560 coelorum
1552 1522 1760 1569 possidere.

853 1657 1023 1694 ORATIO

146 1813 154 1820 ἡ
169 1766 327 1820 Domine
348 1768 435 1804 Jesu
457 1767 615 1820 Christe,
635 1767 699 1812 qui
726 1778 795 1804 nos
815 1768 1158 1806 adcontinentiam
1176 1780 1213 1806 es
1233 1770 1422 1813 hortatus,
1442 1767 1490 1803 da
1511 1766 1612 1813 quod
1630 1766 1760 1801 horia-

123 1825 191 1867 rrs,
212 1817 249 1850 et
269 1815 401 1850 tribue
423 1815 515 1868 Πμίῃ
535 1814 660 1867 fragili
687 1814 899 1852 castitatem
920 1817 1057 1853 mentis
1078 1822 1114 1853 et
1139 1817 1330 1862 corporis;
1354 1820 1393 1852 et
1420 1815 1482 1861 qui
1503 1814 1685 1861 parvulos
1709 1824 1768 1848 ve-

125 1862 273 1914 mre-ad
293 1865 330 1897 te
356 1861 521 1914 voluisti,
543 1865 580 1897 et
601 1872 654 1897 eis
676 1872 811 1898 manus
834 1862 1032 1909 imponens
1057 1864 1296 1909 benedixisti,
1314 1866 1455 1909 praesta
1477 1862 1583 1906 mihi,
1608 1860 1762 1901 misero,

126 1912 169 1962 ut
193 1919 263 1961 sun
284 1909 462 1954 parvulus
482 1920 520 1944 in
540 1909 655 1944 oculis
681 1909 788 1953 meis,
811 1916 993 1956 quatenus
1009 1912 1171 1957 gratiam
1192 1911 1384 1948 inveniam
1399 1910 1437 1946 in
1459 1909 1576 1945 oculis
1593 1911 1668 1943 tuae
1691 1918 1766 1943 ma.-

122 1959 292 2009 Jestat153
316 1959 353 1991 et
384 1957 483 2009 quod
504 1956 649 2002 parvuli
683 1957 875 2003 possident
898 1969 966 2004 per
993 1962 1180 1999 naturam,
1204 1970 1272 2005 ego
1305 1967 1516 2003 consequar
1549 1955 1763 1991 misericor-

125 2004 221 2056 diter
248 2013 314 2048 per
330 2007 626 2056 gratiamrtuam,
644 2007 685 2040 ut
705 2005 848 2040 meritis
873 2005 1042 2041 omnium
1063 2006 1307 2052 parvulorum
1328 2010 1365 2042 et
1383 2003 1583 2041 humilium
1597 2002 1663 2038 tibi
1684 2003 1759 2048 pla-

126 2053 303 2092 centium,
325 2061 408 2096 ego,
436 2052 591 2087 ultimus
613 2052 798 2097 omnium,
826 2056 861 2089 te
883 2058 1041 2093 rectore,
1064 2057 1100 2089 te
1120 2053 1229 2099 duce,
1253 2064 1401 2090 merear
1419 2053 1465 2087 ad
1488 2054 1524 2088 te
1545 2050 1760 2097 pervenire,

127 2101 165 2133 et
184 2108 206 2134 a
224 2101 263 2133 te
284 2098 545 2135 benedictione
562 2098 603 2134 in
622 2100 835 2136 coelestibus
855 2101 1062 2137 munerari.
1084 2101 1221 2139 Amen.

807 2316 991 2363 CAPUT
1017 2319 1078 2364 XI

638 2468 685 2494 iiii
706 2464 971 2493 PERFECTIONE
995 2464 1265 2493 PAUPERTATiS
1274 2483 1282 2492 .

579 2578 745 2616 Matthaei
767 2588 847 2623 cap.
869 2578 962 2622 XIX,
986 2582 1023 2614 et
1044 2578 1158 2614 Marci
1186 2588 1266 2624 cap.
1294 2579 1335 2614 X.

183 2728 194 2748 l
226 2713 328 2748 NEMO
347 2724 476 2758 BONUS,
498 2724 567 2749 Nisi
593 2715 702 2749 Deus.
735 2732 779 2737 —
798 2708 910 2746 Habi-

131 2763 169 2796 to
204 2760 249 2795 de
270 2759 501 2806 perfectione
534 2758 735 2803 castitatis,
757 2761 794 2794 et
810 2758 912 2793 obe-

131 2806 283 2844 dientiae
314 2817 381 2843 seu
412 2805 652 2849 humilitatis,
674 2814 908 2851 consequen-

981 2713 1039 2745 ter
1069 2711 1147 2755 ag'it
1186 2710 1232 2745 de
1262 2707 1497 2755 perfectione
1517 2704 1764 2754 paupertatis.

980 2759 1027 2794 Et
1046 2768 1121 2793 ecce
1134 2767 1231 2793 unus
1246 2756 1400 2802 quidam
1417 2755 1651 2797 adolescens,
1666 2763 1766 2787 acce-

981 2805 1069 2840 dens
1089 2808 1127 2841 et
1146 2815 1243 2848 qenu
1266 2806 1361 2849 nemo
1383 2806 1466 2838 ante
1491 2803 1627 2845 Jesum,
1658 2810 1766 2842 roqu-
