1907 3139
140 195 198 228 226
578 193 778 228 SECUNDAE
816 192 970 226 PARTIS
1010 192 1145 227 CAPUT
1183 192 1314 227 XXXV

141 264 329 300 dicentes:
344 264 441 300 Licet
451 273 593 299 censum
608 263 707 304 dare,
723 263 853 299 Caesari
867 273 914 298 an

139 313 236 347 non?
252 312 353 347 Hanc
373 312 636 356 quaestionem,
653 310 750 355 apud
762 311 913 345 Judaeos

138 362 274 404 ortam,
307 359 452 394 Christo
489 357 675 393 malitiose
708 367 911 402 proposue-

138 410 240 450 runt,
261 409 312 450 ut,
330 405 360 441 si
381 404 560 441 tributum
578 411 747 449 negaret,
763 408 798 439 et
816 403 913 439 dice-

135 457 194 490 ret
215 464 287 489 non
313 463 395 488 esse
416 452 571 496 licitum,
594 453 743 487 caderet
761 450 798 485 in
823 461 911 486 ma-

132 511 222 537 num
240 500 345 536 Pilati
364 499 551 542 praesidis,
567 502 603 533 et
618 498 744 533 statim
764 508 913 543 capere-

131 552 196 584 tur
216 551 409 594 tamquam
436 545 649 582 contrarius
670 546 909 591 Imperatori3

129 595 161 631 si
186 599 309 632 autem
333 594 517 630 tributum
540 597 778 636 conce-teret,
802 597 837 627 et
860 592 911 627 di-

129 647 231 679 ceret
246 652 326 678 esse
347 641 504 684 licitum,
523 640 675 675 caderet
695 638 733 674 in
756 649 909 675 manum

156 689 273 736 epuli,
299 693 492 734 tamquam
526 685 739 722 contrarius
778 697 908 722 eorum

128 700 295 773 fibertati
323 740 360 772 et
380 735 504 770 divino
535 732 671 769 honori
694 745 702 769 :
726 736 762 768 et
785 733 835 769 sic
856 737 910 769 to-

130 789 210 820 tum
238 793 369 819 eorum
404 780 606 818 artificium
634 784 713 816 erat
741 781 908 826 undique

129 832 275 868 habens
308 829 570 876 praecipitium.
612 827 793 864 Dicebant
825 829 907 874 qui—

130 879 230 922 dam,
255 878 342 924 quia
363 875 520 912 Romani
537 886 603 922 pro
623 875 814 920 repubtica
836 876 906 910 mi-

129 925 300 965 litabant,
324 934 387 960 eos
409 923 447 959 in
476 922 677 958 securitate
712 925 748 958 et
782 922 906 968 quiete

128 976 313 1015 tenentes,
337 971 434 1016 quod
453 970 589 1005 lii-,ebat
604 969 694 1004 dare
707 970 904 1005 tributum.

132 1019 203 1055 Sed
234 1029 253 1054 e
284 1022 415 1054 contra
450 1016 631 1052 Pharisaei
672 1017 906 1057 asserebant,

128 1067 226 1112 quod
250 1066 309 1110 qui
339 1063 553 1099 serviebant
587 1073 733 1098 summo
763 1064 852 1106 Deo,
873 1067 910 1098 et

129 1113 198 1148 sitii
215 1111 428 1148 oblationes
442 1114 478 1146 et
496 1109 661 1145 ‹tei-imas
683 1110 906 1155 reddebant,

130 1160 218 1195 nulli
236 1158 377 1194 homini
392 1158 532 1194 tributa
546 1159 690 1192 solvere
704 1156 907 1193 debebant.

129 1207 201 1244 Sed
224 1205 418 1251 sapientias
449 1207 529 1240 t'ons
558 1204 666 1239 dolos
693 1214 824 1239 eorum
852 1205 907 1239 fu-

130 1254 199 1300 git,
229 1253 281 1289 sic
315 1253 413 1289 enim
452 1251 659 1298 respondit,
693 1256 731 1286 ut
763 1252 838 1287 Deo
872 1254 909 1287 et

130 1300 272 1338 Caesari
295 1312 361 1336 sua
381 1301 468 1344 jura
488 1303 667 1335 servaret.

172 1357 192 1390 5
216 1355 420 1389 Respoxsm
442 1353 588 1388 Cunisri
619 1362 733 1386 PLENA
760 1362 907 1386 sarim-

127 1413 204 1437 τως.
225 1422 268 1427 -
287 1401 390 1436 Unde
406 1399 575 1445 sequitui·
592 1410 599 1433 :
619 1399 770 1442 Cognito
787 1402 907 1433 autem

127 1451 228 1484 Jesus
246 1451 283 1484 et
301 1448 548 1493 deprehensa,
567 1447 730 1490 nequitia
750 1447 785 1480 et
803 1445 906 1480 dolo-

128 1491 906 1537 sitatecorum,nihilenimtatetD··um,qni

129 1546 440 1579 scrutaturrenes
456 1545 492 1576 et
506 1540 633 1581 corda,
654 1540 786 1574 laudes
807 1540 905 1583 ipso—

130 1601 215 1626 rum
234 1589 386 1634 respuit,
406 1592 443 1623 et
464 1589 555 1623 dure
583 1587 636 1622 eis
659 1587 905 1631 respondi-ns,

129 1640 183 1673 ait
195 1650 205 1672 .·
218 1637 314 1679 Qum
329 1647 383 1670 me
399 1636 561 1678 tentatis,
578 1635 798 1677 liysnocrt'tae?
814 1634 908 1676 Qua-

128 1684 157 1721 si
178 1684 251 1719 illis
273 1683 414 1718 diceret
438 1697 444 1717 :
470 1683 548 1717 Non
573 1679 742 1726 quaeritis
767 1680 906 1716 veriia-

128 1736 203 1767 tem
220 1730 426 1772 addiscere,
445 1728 510 1764 scd
528 1738 585 1763 me
610 1729 733 1762 verbis
754 1737 903 1771 capere,

127 1783 163 1814 et
194 1780 344 1823 propter
375 1779 443 1811 tioc
465 1786 527 1811 eos
551 1775 762 1820 hypocritas
784 1778 904 1818 vocat,

126 1825 215 1872 quia
235 1824 337 1859 aliud
361 1822 659 1868 prietendebaiit,
677 1824 712 1856 et
732 1820 831 1856 aliud
854 1821 906 1856 in-

124 1873 339 1909 tendebant.
366 1871 431 1906 Ubi
455 1871 730 1912 Clu-‚issoscomus
752 1880 762 1902 :
789 1880 805 1900 «
831 1869 903 1903 Re-

122 1919 283 1966 spondet
302 1928 373 1953 non
396 1917 600 1952 secundum
619 1917 732 1950 verba
751 1926 894 1955 eorum,

122 1967 272 2010 blande,
300 1965 365 2001 sed
400 1964 609 2000 secundum
647 1962 898 1998 conscientias

123 2024 268 2055 eorum,
290 2022 437 2058 aspere,
459 2013 598 2046 docens
635 2020 700 2044 nos
729 2011 818 2044 dure
844 2020 902 2044 re-

121 2062 251 2097 fellere
264 2060 471 2095 adulantes.
488 2072 504 2089 »
522 2059 562 2092 Et
578 2056 785 2092 secundum
803 2067 904 2091 enin-

122 2108 205 2144 dein
229 2110 532 2151 Chrysoscomum,
561 2103 736 2139 Pharis-„ei
759 2103 902 2138 blandi-

125 2156 300 2196 ebantur,
329 2158 367 2189 ut
394 2154 613 2198 perderent;
644 2152 752 2186 Jesus
779 2154 904 2185 antem

126 2201 391 2241 contundebat,
415 2205 453 2235 ut
473 2199 645 2242 salvaret,
668 2197 755 2242 quia
779 2197 904 2232 utilior

127 2253 181 2284 est
204 2249 298 2284 Deus
324 2246 465 2282 homini
501 2250 626 2284 iratus,
659 2254 771 2290 quam
794 2245 904 2279 bomo

126 2295 308 2343 propitius
338 2293 598 2338 tfitsiitijiineit:
614 2307 629 2324 (i
646 2292 765 2326 lntioc
780 2294 904 2326 autem

127 2343 226 2389 quod
238 2343 405 2377 Christus
419 2341 546 2375 laudes
559 2338 712 2385 respuit,
726 2338 789 2372 dat
802 2338 905 2373 intel—

125 2390 244 2435 ligere
261 2388 360 2434 quod
377 2388 498 2423 nullux
511 2387 622 2422 debet
637 2385 728 2421 velle
744 2385 902 2423 laudari,

124 2443 160 2473 et
181 2436 217 2471 in
247 2437 316 2470 lioc
339 2438 437 2480 quo-t
466 2434 682 2469 adulatores
704 2443 790 2467 suos
812 2433 904 2467 dure

125 2482 382 2528 reprehendit.
406 2482 586 2516 docemur
606 2484 642 2514 iit
664 2478 904 2515 admistiones

123 2530 295 2567 vitemus.
323 2542 339 2562 »
372 2529 555 2563 ostendite
595 2528 685 2562 milii·
721 2528 904 2561 numisma

121 2589 258 2617 census.
283 2576 321 2611 id
344 2583 400 2611 est
418 2576 613 2609 denarium
636 2574 699 2618 qui
723 2583 789 2618 pro
810 2584 900 2608 cen-

121 2636 166 2662 su
184 2625 293 2661 dzitur
313 2633 461 2665 annuo3
486 2627 522 2656 et
543 2627 623 2655 erat
645 2621 690 2655 ite
723 2624 899 2665 argento,

120 2673 398 2716 vocabaturque
425 2667 615 2705 denarius,
641 2667 727 2712 qimi
750 2667 901 2702 valebat

122 2720 252 2756 decem
277 2727 451 2754 nummos
487 2717 647 2758 usuales,
676 2717 712 2749 et
735 2714 899 2750 habebat

119 2766 321 2813 imaginem
357 2763 526 2805 Caesaris,
555 2767 592 2797 et
628 2771 764 2796 nomen
801 2762 893 2813 ejus.

119 2813 277 2861 Proprie
300 2815 426 2849 tamen
446 2809 633 2846 numisma
654 2814 711 2844 est
731 2809 812 2854 ipsa
830 2818 896 2844 ln-

987 262 1138 309 scriptio
1156 263 1347 309 imaginis,
1365 268 1401 301 et
1419 275 1594 300 nummus
1615 268 1682 307 est,
1703 264 1763 301 cui

985 309 1216 346 inscribitur.
1241 312 1291 346 At
1312 313 1371 346 illi
1407 313 1614 347 obtulerunt
1649 314 1681 347 ei
1705 313 1763 347 de-

984 360 1129 392 narium
1149 359 1385 402 censualem;
1409 363 1441 394 et
1462 361 1515 394 ait
1532 361 1608 394 illis
1628 360 1731 394 Jesus
1749 372 1760 395 .-

985 405 1095 449 Cujus
1124 409 1175 440 est
1196 407 1267 441 haee
1288 407 1419 449 imaqo,
1443 412 1623 451 quantum
1646 407 1693 442 ad
1714 406 1759 441 fi-

984 462 1130 497 guram,
1148 456 1181 487 et
1208 455 1483 498 superscriptio,
1506 457 1689 499 quantum
1711 453 1760 489 ad

984 498 1236 545 scripturam?
1256 500 1335 534 Non
1373 500 1418 535 de
1458 499 1674 545 ignorantia
1709 501 1761 536 in-

982 549 1161 591 terrogat.
1193 546 1257 582 sed
1287 550 1325 581 ut
1348 551 1605 592 competenter
1626 549 1672 583 ad
1693 558 1758 583 eo-

982 603 1065 628 rum
1087 594 1200 628 verba
1222 593 1460 638 respondeat.
1485 594 1608 629 Voluit
1633 594 1764 630 Domi·

982 650 1051 675 nus
1078 639 1203 675 videre
1232 639 1429 675 materiam
1463 641 1696 686 quaestionis,
1721 645 1761 678 ut

980 697 1049 722 nos
1068 687 1178 722 tacite
1199 686 1422 722 informaret
1443 698 1489 723 ne
1504 687 1620 723 simus
1634 688 1761 733 praeci-

982 733 1075 779 pitcs
1096 733 1135 769 in
1158 734 1440 777 sententiando,
1467 735 1533 770 sed
1558 735 1762 771 maturein-

981 781 1187 826 quiramus,
1208 785 1244 817 et
1259 792 1360 827 pimus·
1373 783 1629 818 examinemus
1646 785 1762 818 ante-

1023 839 1133 872 quam
1164 828 1406 864 diffiniamus
1431 830 1673 865 Atillz'dz'cunt
1699 831 1758 865 ei:

982 876 1146 914 Caesarz's.
1170 875 1312 911 scilicet
1326 875 1477 918 Tiberii,
1493 875 1655 922 privigni
1675 877 1758 912 Au—

981 923 1079 967 gusti
1105 923 1277 967 Caesnris,
1307 923 1374 959 sub
1397 934 1469 968 quo
1495 926 1663 969 Augusto
1691 934 1760 959 na-

981 973 1039 1005 tus
1064 975 1120 1005 est
1142 970 1335 1006 Dominus.
1363 973 1471 1010 Tunc.
1494 981 1536 1006 ex
1560 970 1762 1015 praemissis

983 1017 1176 1053 inserendo
1217 1017 1439 1061 quaestionis
1472 1017 1762 1053 determinatio-

982 1075 1084 1107 nem,
1102 1067 1153 1099 ait
1179 1066 1282 1099 illis:
1305 1065 1461 1101 Reddite
1478 1075 1560 1108 erqo
1580 1076 1659 1110 quae
1679 1068 1764 1100 sunt

985 1113 1137 1147 Caesaris
1160 1113 1306 1152 Caesart,
1340 1111 1482 1147 scilicet
1517 1112 1696 1147 tributum
1728 1115 1763 1147 et

986 1158 1200 1202 pecuniam,
1224 1169 1416 1204 perquam
1440 1158 1670 1194 confitemini
1698 1169 1763 1194 vos

982 1205 1036 1240 itti
1066 1206 1274 1251 subjectos,
1306 1206 1381 1247 ubi,
1416 1208 1618 1241 secundum
1649 1206 1764 1250 Chry-

981 1257 1191 1296 sostomwn,
1217 1252 1280 1288 itta
1310 1252 1399 1287 dii-it
1424 1255 1542 1288 sotum
1573 1264 1656 1297 quae
1686 1263 1762 1288 non

984 1304 1121 1335 nocent
1149 1299 1299 1345 pietati,
1328 1302 1415 1345 quia
1442 1299 1472 1335 si
1510 1299 1651 1345 aliquid
1689 1299 1762 1336 tale

983 1351 1050 1390 est,
1078 1358 1152 1382 non
1176 1347 1333 1382 Caesaris
1361 1347 1424 1382 sed
1452 1347 1591 1382 diaboti
1619 1350 1675 1382 est
1696 1357 1762 1382 ve-

982 1394 1106 1439 ctigal.
1131 1396 1177 1429 Et
1200 1405 1278 1439 (ματ)
1304 1399 1389 1429 sunt
1416 1396 1480 1429 Dei
1499 1396 1584 1437 Deo,
1604 1393 1760 1438 scilicet,

981 1441 1190 1476 secundum
1227 1442 1486 1485 Hieronymum
1523 1454 1533 1476 .·
1572 1441 1760 1484 decimas,

983 1488 1183 1534 primitias,
1202 1488 1413 1524 oblationes
1433 1492 1469 1524 et
1489 1489 1646 1532 bostias;
1667 1489 1762 1523 sicut

983 1539 1020 1571 et
1060 1537 1137 1581 ipse
1177 1535 1343 1571 reddidit
1376 1535 1519 1571 tributa
1554 1546 1618 1581 pro
1652 1545 1691 1571 se
1724 1538 1762 1570 et

985 1585 1107 1626 Petro,
1128 1586 1163 1617 et
1184 1584 1258 1617 Deo
1278 1583 1442 1617 reddidit
1464 1593 1546 1627 quae
1566 1581 1630 1617 Dei
1655 1585 1758 1627 sunt,

984 1629 1102 1664 Patris
1122 1629 1265 1665 faciens
1284 1629 1532 1665 voluntatem.
1553 1629 1629 1672 Vel,
1650 1630 1761 1665 debe·

982 1687 1061 1711 mus
1097 1676 1253 1711 reddere
1289 1677 1429 1712 mundo
1465 1686 1553 1711 suos
1580 1677 1759 1720 honores,

982 1734 1045 1758 eos
1063 1723 1320 1768 d‹·spieii:iid0‚
1340 1734 1423 1758 *uiis
1441 1723 1605 1766 delicias,
1621 1733 1683 1758 eas
1697 1723 1759 1758 ab·

981 1771 1185 1813 horrcndo,
1209 1781 1370 1815 suasque
1393 1769 1554 1813 divitias,
1576 1780 1638 1805 eas
1662 1781 1760 1805 con-

982 1818 1200 1861 temnendo,
1224 1819 1298 1852 Deo
1320 1823 1442 1853 autem
1466 1817 1629 1853 dei-imas
1648 1821 1760 1863 atque

982 1863 1208 1900 obta1i‹.nes.
1234 1865 1312 1907 Vel,
1335 1868 1374 1899 ut
1395 1864 1487 1899 dicit
1512 1865 1727 1899 Ambrosius
1748 1876 1758 1899 ε

982 1924 998 1944 ι(
1025 1911 1128 1947 Sicut
1163 1912 1289 1947 Caesar
1320 1911 1434 1957 exigit
1472 1911 1758 1956 impressionem

979 1969 1054 1994 suae
1093 1958 1281 2001 imaginis,
1306 1958 1358 1993 sii:
1397 1962 1433 1994 et
1460 1960 1556 1994 Deus
1586 1958 1757 1994 anim-im

980 2004 1116 2040 lumine
1154 2005 1274 2040 vultu<
1309 2004 1364 2040 sui
1398 2005 1626 2049 insignitam.
1656 2005 1757 2041 Sicut

979 2052 1077 2088 enim
1105 2052 1284 2087 denarius
1309 2051 1475 2096 imagine
1500 2051 1611 2097 ri·gi<,
1633 2052 1685 2087 sic
1706 2051 1756 2087 si-

978 2104 1115 2145 gnatur
1136 2100 1248 2133 nom..
1269 2099 1316 2134 ad
1349 2109 1395 2134 im
1413 2099 1548 2143 iginem
1570 2103 1605 2134 et
1628 2098 1756 2134 simili·

979 2147 1144 2182 tudinem
1165 2147 1242 2187 Dei,
1261 2156 1372 2191 quam
1387 2146 1575 2191 peccando
1590 2155 1756 2181 corrum-

981 2196 1043 2238 pit.
1068 2207 1084 2225 »
1111 2195 1153 2228 Et
1178 2192 1312 2228 iterum
1337 2204 1344 2227 :
1367 2207 1381 2225 (ι
1400 2193 1489 2229 Cum
1507 2193 1580 2230 alia
1593 2192 1639 2228 sit
1660 2193 1754 2229 ima-

978 2252 1024 2287 go
1052 2239 1128 2282 Dei,
1156 2240 1230 2275 alia
1262 2240 1402 2283 mundi,
1421 2239 1448 2275 si
1482 2251 1556 2275 non
1589 2240 1644 2275 vis
1673 2250 1754 2276 e-se

978 2290 1159 2323 obnoxius
1200 2286 1349 2328 CtesarI,
1374 2287 1449 2322 noli
1487 2288 1626 2323 babere
1669 2297 1754 2332 quae

979 2339 1065 2370 sunt
1086 2334 1227 2369 mundi.
1253 2334 1286 2369 si
1311 2334 1364 2369 vis
1387 2338 1535 2369 terreno
1560 2333 1637 2379 regi
1663 2333 1754 2369 nihil

980 2383 1129 2425 debere,
1152 2381 1275 2416 onmia
1297 2384 1361 2416 tua
1384 2380 1565 2426 vitiaque,
1590 2385 1625 2416 et
1647 2381 1753 2416 Ctiri-

978 2433 1075 2464 stum
1114 2438 1282 2473 sequere.
1310 2429 1352 2462 Et
1391 2428 1488 2463 bene
1527 2430 1634 2473 prius
1670 2438 1753 2473 quae

978 2474 1115 2512 Caesari
1144 2479 1231 2510 sunt
1265 2475 1453 2510 reddenda
1481 2474 1658 2516 decrevit,
1691 2485 1752 2510 ne-

978 2533 1049 2567 qiie
1071 2525 1170 2558 enim
1193 2525 1410 2564 potestesse
1438 2521 1521 2567 quis
1545 2521 1753 2567 discipulus

977 2569 1138 2612 Domini,
1162 2568 1229 2604 nisi
1250 2568 1750 2613 priusreniinti.iveritmun-

975 2618 1036 2652 do.
1064 2617 1132 2652 Sed
1163 2626 1292 2651 omnes
1322 2615 1581 2651 renuntiatum
1611 2617 1749 2658 verbis,

977 2675 1049 2699 non
1083 2668 1343 2699 renuntiamus
1377 2662 1524 2698 affectu.
1549 2664 1638 2698 Nam
1666 2672 1750 2698 rum

973 2713 1209 2746 sacramenta
1233 2708 1446 2755 recipimus,
1472 2709 1744 2746 renuntiamus.

972 2759 1090 2801 Quam
1105 2756 1233 2803 gravia
1244 2761 1331 2792 sunt
1347 2756 1507 2800 vincula,
1525 2756 1744 2803 promittere

971 2806 1060 2851 Deo,
1086 2807 1123 2841 et
1142 2814 1219 2840 non
1242 2805 1416 2840 solvere?
1438 2804 1555 2850 Major
1575 2807 1632 2839 est
1657 2813 1741 2839 con-
